2984 5040
644 391 856 456 -cev

146 579 247 660 'glum
270 597 331 643 non
347 580 437 654 vrecte
460 577 703 661 interpretatum
726 596 792 642 esse
814 582 900 659 puto,
923 578 981 642 ecte
1001 598 1089 662 prosa
1110 579 1155 646 ste
1178 579 1258 645 ecee
1287 581 1340 649 eet.

160 681 231 745 Art.
255 699 317 747 am.
340 681 390 746 ΙΠ
413 682 493 747 683:

265 800 326 866 Sed
347 804 389 880 te,
413 819 680 882 quoecumque
701 806 759 882 est,
783 802 939 866 moderate
961 801 1087 866 tetardo
1109 806 1220 871 tardet.

264 903 309 966 Ex
331 904 367 967 P.
393 904 435 968 lV
459 904 508 967 12.
536 906 575 970 19
608 905 699 987 poete
731 905 930 987 conquestus,
953 907 1033 987 quod
1057 905 1203 971 Tuticani
1226 925 1338 971 nomen

159 1005 258 1070 metri
292 1006 413 1089 legibus
443 1013 646 1091 repugnaret,
681 1014 716 1072 ut
752 1007 888 1074 officium
926 1009 1102 1090 neglectum
1140 1015 1266 1075 excuset
1296 1011 1341 1076 sio

161 1108 283 1192 pergit:
988 1180 990 1185 ¹

264 1211 352 1276 Haec
375 1213 455 1278 mitt
477 1233 575 1279 causo
596 1215 660 1296 fcit
682 1213 777 1280 dilati
799 1215 940 1279 macerie
963 1214 1066 1296 totas,

316 1318 404 1398 Quod
425 1337 510 1382 meus
533 1319 651 1383 adiecto
672 1318 800 1400 fcecore
822 1318 927 1382 reddet
949 1339 1060 1385 omer:

265 1419 364 1507 Teque
393 1440 508 1484 αααααα
540 1440 782 1502 quocumque
815 1426 907 1506 cota,
946 1422 1003 1486 titt
1031 1422 1177 1486 ocrmc'ec
1204 1422 1338 1487 mittam.

159 1521 286 1606 (Kornii
309 1525 401 1589 codex
422 1548 457 1589 c:
493 1543 682 1606 quocumque
710 1526 822 1610 modo).
861 1526 898 1590 de
921 1525 1072 1591 Tristium
1095 1546 1124 1592 v.
1151 1525 1202 1591 III
1226 1524 1275 1589 14.
1299 1525 1345 1590 35

160 1624 299 1691 dubitari
322 1627 413 1693 licet:
700 1636 704 1642 '

259 1731 433 1812 Iopectcm
455 1730 573 1814 serpere
594 1750 698 1795 mcum
720 1730 828 1796 mota:
850 1731 941 1796 cutus
963 1735 991 1795 et
1014 1735 1086 1795 octe

312 1832 400 1899 Fores
422 1834 622 1915 infecundas,
641 1854 805 1916 parcaque
827 1855 905 1898 cecc
926 1835 1002 1917 fcit.

263 1936 324 2003 Sed
346 1957 557 2019 quaecamque
577 1938 652 2020 fuit,
676 1937 767 2003 occlto
790 1943 945 2003 exercente
967 1938 1097 2021 reseptt.

157 2040 259 2124 possit
281 2051 363 2108 cente
386 2043 492 2107 eadem
516 2043 563 2108 vis
587 2041 688 2108 subici
716 2043 893 2125 pronomini
916 2061 1135 2123 quoecumque.

262 2143 406 2210 Ceterum
438 2146 519 2229 apud
552 2147 656 2229 ipsum
686 2144 868 2211 Ciceronem
897 2165 1105 2227 quoecumque
1132 2162 1188 2227 pro
1216 2143 1339 2225 quotie·

158 2243 288 2329 tumque
310 2248 457 2325 occurrit,
480 2268 535 2330 pro
557 2248 637 2315 Rab.
655 2249 782 2316 Post.V
802 2249 836 2313 II
858 2251 916 2314 21:
943 2248 1100 2314 Gabinius
1122 2247 1342 2328 perceptoque

159 2351 289 2416 eoasc'tc'o
310 2351 399 2433 feeit,
432 2352 509 2435 fecit
529 2357 607 2417 certe
629 2370 702 2432 eco;
735 2372 946 2433 quoecumque
973 2371 1061 2417 mens
1084 2353 1145 2418 tlte
1166 2352 1247 2434 fcit,
1278 2352 1341 2428 fcit

160 2454 317 2534 dotted,
355 2454 439 2521 Oret.
462 2457 552 2522 XXX
584 2457 659 2523 106:
691 2476 749 2520 eos
776 2457 895 2541 primi,
933 2457 1122 2537 qudcumque
1154 2474 1281 2520 eremus
1313 2459 1341 2518 et

157 2558 481 2640 quantulamcumque
513 2560 703 2626 dicebamus.
718 2611 725 2626 .
740 2611 767 2625 ..
797 2559 905 2624 stedia
937 2560 1152 2624 convertimus.
1191 2559 1272 2640 quod
1301 2559 1339 2623 ad

157 2663 295 2744 ellipsim
319 2664 446 2747 copulae
467 2669 511 2727 eet
539 2665 667 2740 attinet,
701 2663 779 2727 mihi
816 2663 939 2745 quidem
970 2662 1026 2727 ille
1057 2680 1117 2727 non
1139 2662 1244 2727 durior
1274 2679 1340 2726 esse

158 2766 281 2831 ridetur
318 2785 410 2849 quam
447 2767 521 2831 haec
559 2767 762 2831 constructio:
797 2766 957 2847 placuisse
992 2765 1052 2830 seor
1090 2765 1271 2846 cuicumque
1297 2768 1340 2829 est

156 2871 319 2950 voluptas,
355 2871 382 2933 si
411 2888 482 2934 vero
505 2873 731 2950 quotocumque
764 2870 856 2935 malis
885 2871 1048 2952 amplecti,
1083 2870 1190 2934 eadem
1220 2868 1339 2951 ellipsis

157 2973 201 3037 sit
224 2974 399 3039 statuenda.
429 2976 566 3038 ceterum
589 2969 735 3057 quonlam
757 2975 848 3039 huius
870 2992 987 3057 versus,
1012 2972 1161 3038 Ovidium
1182 2975 1340 3037 auctorem

156 3075 320 3141 manifeste
343 3077 545 3158 ostendentis,
568 3078 688 3160 reliqua
711 3078 806 3142 verba
828 3078 920 3160 plane
943 3080 1027 3142 certa
1043 3077 1117 3141 sunt
1132 3095 1231 3158 neque
1246 3075 1340 3139 latior

155 3182 260 3262 potest
290 3183 385 3245 statui
409 3182 594 3261 corruptela,
619 3181 762 3263 equidem
784 3179 872 3246 verbi
894 3181 1039 3262 voluptas
1061 3179 1185 3244 nullum
1216 3179 1353 3242 invenio'

156 3282 347 3347 attributum
374 3321 415 3330 -
445 3283 478 3347 id
502 3284 586 3348 enim
609 3284 687 3347 mihi
710 3285 816 3367 utique
839 3285 1047 3348 necessarlum
1070 3302 1136 3347 csse
1160 3280 1339 3348 videtur-—

156 3386 242 3470 quod
264 3390 295 3451 et
317 3388 415 3452 metro
438 3387 613 3452 satisfaciat
636 3388 723 3451 etin
745 3406 955 3468 quoecumque
976 3387 1062 3452 abire
1084 3386 1230 3469 potuerit.
1262 3401 1338 3468 quae

157 3508 232 3554 cum
254 3489 300 3554 ita
321 3492 403 3567 sint,
426 3509 637 3571 quoecumque
659 3509 677 3555 a
699 3491 790 3572 poeta
813 3491 880 3573 ipso
904 3491 1076 3574 profectum
1100 3508 1167 3555 esse
1189 3490 1273 3572 puto.

264 3592 302 3656 In
324 3612 353 3658 v.
377 3592 673 3676 adscripsimus,
697 3597 776 3675 quod
801 3594 943 3659 exhibere
966 3594 1088 3659 videtur
1113 3592 1161 3656 M.

261 3693 299 3760 V.
316 3695 359 3760 34
382 3696 439 3762 viri
462 3697 546 3761 docti
567 3698 695 3779 pavonis
718 3697 871 3762 attributo
895 3702 985 3760 moto
1008 3697 1078 3760 ecte
1100 3696 1211 3762 offensi
1234 3693 1337 3759 varies

152 3797 355 3881 protulerunt
378 3796 580 3865 coniecturas.
605 3798 717 3863 Melta
735 3800 804 3864 cois
820 3801 920 3883 uulgo
943 3799 1045 3864 editur
1061 3804 1169 3865 contra
1184 3798 1337 3862 librorum

153 3901 345 3984 optimorum
372 3903 597 3968 auctoritatem.
625 3904 767 3986 equidem
793 3903 1021 3968 nihilomnino
1048 3903 1235 3967 mutandum
1271 3918 1336 3965 esse

150 4005 243 4090 puto.
273 4009 310 4070 ut
330 4004 415 4069 enim
436 4004 470 4068 in
492 4005 628 4070 naturali
650 4006 775 4088 quidem
798 4005 930 4071 historia
945 4023 1023 4088 pauo
1039 4009 1128 4068 mete
1150 4003 1217 4070 avis
1233 4004 1338 4086 inepte

153 4110 331 4188 vocaretur,
348 4108 395 4173 ita
416 4108 468 4173 hic
482 4126 537 4192 pro
560 4109 619 4174 loci
641 4114 753 4176 natura
775 4112 867 4193 atquc
891 4110 1078 4187 condicione,
1102 4108 1227 4191 siquod
1250 4106 1337 4172 aliud

148 4212 267 4294 aptum
283 4213 329 4276 cst
346 4211 505 4292 epitheton
520 4215 625 4291 metm
646 4213 804 4296 nimirum,
818 4231 891 4276 cum
905 4213 1015 4278 cantus
1030 4211 1209 4277 modulatus
1221 4210 1337 4291 praeei-

149 4332 221 4399 pua
242 4318 283 4380 sit
306 4317 372 4380 laus
397 4317 516 4394 avium,
546 4335 582 4380 ea
604 4316 687 4396 avis,
716 4335 795 4400 quae
817 4316 876 4381 hoc
898 4315 1023 4381 omnino
1046 4333 1139 4398 egens
1161 4316 1336 4398 clangorem

149 4421 310 4502 quendam
332 4420 568 4502 raucumntque
586 4437 658 4484 eum
673 4418 775 4502 ipsum
792 4439 862 4486 raro
885 4421 967 4499 odat,
984 4418 1083 4483 forma
1098 4420 1206 4483 autem
1220 4416 1336 4481 mirum
