2984 5040
634 408 845 473 „15-

359 593 490 660 Ovidius
517 595 801 675 metamorphoseon
809 644 989 666 .........
1016 600 1041 680 f.
1107 604 1127 662 1

425 727 440 761 9
514 699 670 780 fastornm
677 749 986 766 ...............
1018 705 1126 766 9123

424 830 438 867 a
513 802 660 883 epiorum
681 852 989 869 ...............
1022 807 1125 868 9149

421 933 436 968 n
511 924 656 969 amoram
678 906 740 969 sive
762 905 799 969 cie
822 906 993 972 999999...
1024 911 1125 973 9199

425 1036 440 1072 n
514 1007 552 1072 de
573 1012 641 1072 orte
663 1008 797 1072 amancii
810 1057 990 1076 .........
1022 1012 1127 1072 9182

425 1141 440 1177 n
517 1112 554 1176 de
576 1112 710 1176 remedio
733 1112 853 1176 amoris
874 1161 988 1178 ......
1021 1116 1125 1177 9193

424 1243 438 1279 n
513 1215 550 1278 de
572 1215 715 1278 99999999
723 1264 992 1282 .............
1024 1218 1126 1279 9199

424 1348 439 1384 n
514 1320 551 1384 de
568 1325 668 1401 ponto
683 1369 991 1386 ...............
1025 1323 1128 1383 9217

424 1452 439 1487 n
514 1423 551 1486 de
573 1423 662 1506 pbicie
684 1427 746 1487 sice
767 1424 805 1487 cie
826 1424 863 1487 in
884 1424 989 1490 9999..
1021 1426 1126 1489 9233

424 1555 439 1590 n
513 1527 550 1590 de
565 1526 753 1608 philomena
766 1578 989 1593 ...........
1020 1529 1127 1593 „236

424 1657 439 1690 n
514 1629 551 1693 999
568 1631 678 1710 pertice
697 1680 987 1697 ..............
1019 1633 1127 1695 9237

425 1762 438 1795 n
514 1734 551 1798 de
573 1753 689 1812 somno,
712 1734 750 1798 de
772 1755 851 1797 99999
873 1783 988 1799 ......
1020 1736 1128 1798 9237

425 1866 440 1902 n
515 1838 552 1901 dc
580 1838 785 1902 medicamine
817 1838 949 1901 9999999

424 1968 439 2004 n
514 1941 551 2004 999
581 1940 785 2005 medicamine
813 1939 909 2020 faciei
983 1862 1127 2000 9”138
1160 2031 1177 2042 „

514 2046 636 2124 (inscrz
666 2045 761 2126 Incip
786 2044 919 2109 Ovidius
941 2045 977 2110 de
998 2045 1180 2110 9999999999
1201 2044 1296 2125 faciei

511 2148 643 2215 subscr:
668 2147 814 2228 Explicit
839 2141 942 2212 Oeicii'
964 2148 1002 2212 de
1016 2135 1199 2214 9999999999
1219 2150 1328 2232 faciei)

424 2278 439 2313 n
514 2249 690 2333 (99999999,
714 2251 751 2314 de
772 2250 844 2331 face
867 2254 1025 2338 ......f.
1050 2255 1126 2317 239.

254 2369 540 2452 Metamorphoseon
575 2373 695 2437 textum
725 2373 866 2453 sequitur
896 2392 1035 2450 summa,
1069 2393 1147 2456 quae
1169 2374 1207 2437 iis
1238 2377 1330 2458 vulgo

150 2473 223 2538 addi
246 2476 326 2539 solet
350 2486 421 2539 eum
445 2473 502 2538 hac
529 2475 770 2559 subscriptione:
806 2475 953 2556 Explicit
983 2496 1107 2540 samma
1137 2477 1330 2543 memorialis

153 2575 260 2641 Ovidii
283 2577 561 2658 metamorphoseos
583 2579 753 2658 composita
768 2599 789 2641 9
805 2579 956 2660 inopistro
973 2578 1093 2642 Enrico
1108 2580 1145 2643 999
1162 2580 1328 2661 09999999

151 2683 214 2746 9999
236 2686 419 2749 mantnano.

834 2766 977 2831 Enricas
999 2767 1036 2832 cic
1061 2767 1231 2851 Capriana

736 2937 738 2941 ,
922 2875 1126 2936 mammonae.

254 2991 404 3056 Merkelio
441 2993 522 3074 (qui:
548 2990 700 3075 Capiana
723 2993 821 3073 (ledit)
846 2993 897 3056 hic
918 2992 1030 3076 prioris
1054 2992 1152 3075 partis
1175 3012 1332 3076 possessor

150 3111 217 3159 esse
241 3094 413 3160 videbatur.

254 3199 299 3261 De
322 3197 379 3261 fat
356 3201 395 3261 trs
423 3198 515 3262 huius
548 3197 622 3262 libri
656 3200 735 3262 teste
764 3199 913 3263 Merkelio
943 3199 1108 3281 posteriori
1143 3200 1225 3280 perti
1200 3199 1330 3265 99999

150 3301 227 3365 sunt
248 3301 424 3382 subscripta
445 3320 538 3384 prope
560 3301 704 3366 evanida:

259 3402 494 3483 „MOOGOXL
504 3403 552 3467 VI
570 3404 608 3468 de
630 3424 732 3468 9999999
760 3405 849 3468 99999.
894 3404 962 3488 Epo
985 3409 1041 3487 pet
1041 3424 1097 3469 ras
1125 3350 1333 3487 maiparisiees¹
1450 3449 1453 3453 -

151 3508 299 3572 notorias
317 3509 495 3588 patam'nns
517 3510 578 3572 emi
600 3508 684 3573 9999
706 3508 823 3572 libram
846 3530 867 3572 a
890 3529 950 3575 mo.
973 3509 1207 3573 Franciscim'no
1230 3513 1332 3572 certm-

152 3611 236 3676 lorio
257 3612 382 3676 ducatis
404 3616 469 3693 sept
469 3631 526 3695 em,
549 3617 617 3676 tam
632 3612 766 3676 dimidio
788 3613 876 3678 9999.
903 3612 936 3678 0.
954 3617 1019 3679 241
1034 3618 1105 3677 99999
1107 3615 1158 3677 999
1159 3617 1202 3676 t“.
1226 3614 1334 3694 postea

151 3715 362 3793 subscribunt,
386 3719 438 3798 qui
462 3736 534 3779 eum
558 3716 702 3798 deinceps
725 3719 944 3798 possederunt:

254 3820 335 3883 Iani
358 3819 530 3883 Parrhasii
551 3823 580 3885 99
602 3820 778 3884 amicornm
799 3841 852 3885 sen
873 3821 981 3885 aereis
1002 3827 1124 3901 emptas
1145 3819 1287 3884 Patavii.

254 3923 392 3988 Antonii
419 3922 593 4004 Seripandi
625 3922 678 4005 (ef.
702 3923 759 4010 Nl)
784 3943 821 3988 ec
843 3923 923 3988 1999
944 3922 1120 3988 Parrhasii
1142 3926 1330 3988 testamento.

254 4026 310 4092 Ee
342 4025 522 4091 9999999999
554 4025 694 4091 Artemii
726 4048 757 4095 9.
787 4029 872 4092 1785
905 4027 986 4091 miti
1018 4027 1200 4107 comparari
1229 4024 1330 4090 Lam.

151 4129 338 4197 Santenias

255 4231 309 4300 Ec
330 4235 513 4301 9999999999
536 4236 684 4300 99999999
707 4237 767 4301 emi
789 4235 832 4300 H.
857 4235 896 4303 F.
920 4241 955 4300 de
978 4236 1058 4301 Dice
1080 4257 1111 4301 9.
1133 4236 1229 4299 1899.

253 4338 407 4404 Libellum
445 4341 482 4404 de
511 4340 591 4404 med.
627 4339 648 4404 f.
682 4341 715 4405 in
748 4358 840 4404 usum
875 4358 980 4404 meum
1013 4339 1156 4404 accurate
1193 4335 1329 4402 excussit

151 4445 183 4511 J·
208 4441 238 4508 S.
263 4442 534 4509 Frankfurter.
