2984 5040
611 864 873 975 Appendix.

690 1073 792 1080 ,-

158 1192 160 1197 ’
254 1197 332 1261 Cum
366 1194 417 1258 hic
448 1193 573 1259 libellus
605 1194 669 1259 iam
703 1193 789 1277 prelo
823 1197 904 1258 esset
936 1193 1103 1270 subiectus,
1136 1193 1332 1259 Heuricus

152 1298 421 1367 Schenirelius
450 1316 553 1375 meur,
589 1297 641 1379 qui
666 1315 763 1379 nuper
784 1295 1059 1364 Franco-Galliam
1082 1299 1113 1361 et
1135 1297 1333 1362 Britanniam

151 1403 330 1488 peragravit
348 1400 480 1463 duorum
497 1397 648 1475 codicum,
664 1398 900 1463 Menteliaui
924 1402 955 1462 et
977 1399 1201 1478 Bodleiani,
1225 1403 1263 1466 ad
1282 1420 1332 1466 me

151 1505 239 1570 misit
260 1501 449 1579 collationes,
473 1518 550 1583 quas
574 1519 644 1566 cum
666 1500 859 1566 adnotatioui
880 1501 1007 1567 criticae
1023 1506 1180 1569 commode
1197 1504 1333 1569 intexere

153 1627 213 1673 uon
236 1624 365 1690 possem,
388 1605 448 1669 buc
469 1602 641 1668 reiciendas
664 1622 731 1667 esse
754 1603 873 1686 putavi.

256 1708 356 1773 Codex
379 1705 674 1784 lienteliauus,
697 1725 788 1789 quem
810 1707 850 1771 ad
873 1725 923 1771 vv.
940 1708 979 1771 21
998 1712 1030 1772 et
1051 1711 1089 1773 51
1109 1715 1332 1775 commemorat

151 1815 190 1880 N.
215 1811 369 1892 Heinsius,
392 1828 473 1874 nunc
496 1809 677 1874 adservatur
699 1809 732 1873 in
745 1808 938 1875 bibliotheca
952 1809 1096 1877 Parisiua
1111 1812 1169 1876 sub
1187 1811 1332 1895 1107994,

152 1923 199 1982 661
233 1916 485 1980 membranaceus
515 1930 596 1975 saec.
623 1911 713 1976 XIII.
743 1911 852 1977 insunt
883 1913 916 1976 iu
947 1929 981 1977 eo
1013 1915 1184 1979 secundum
1213 1918 1331 1982 catale-

151 2040 225 2104 gum
246 2017 371 2100 (Melet,
406 2015 451 2078 lV
473 2036 503 2099 p.
526 2016 603 2096 419)
634 2015 724 2081 haec:
762 2020 789 2079 1.
813 2016 849 2080 P.
875 2015 978 2082 Ovidii
1008 2016 1143 2082 Nasonis
1171 2020 1332 2104 Heroides,

151 2127 181 2189 2.
205 2122 350 2186 Eiusdem
372 2121 526 2185 Amorum
549 2119 583 2185 ll.
606 2121 687 2198 tres,
722 2120 751 2184 3.
775 2119 922 2184 Eiusdem
945 2120 992 2184 De
1020 2123 1086 2184 arte
1117 2139 1178 2186 am.
1202 2122 1235 2186 11
1260 2125 1333 2202 tres,

151 2229 182 2292 4.
206 2224 356 2289 Eiusdem
378 2224 424 2288 De
446 2223 580 2288 remedio
612 2222 726 2287 amoris
749 2222 784 2286 ll.
808 2222 879 2299 due,
913 2222 943 2287 5.
968 2223 1116 2288 Eiusdem
1139 2223 1269 2289 Carmen
1300 2227 1333 2291 in

152 2329 232 2404 Ibin,
256 2329 286 2391 6.
311 2327 457 2391 Eiusdem
480 2325 590 2410 Elegia
612 2324 649 2390 de
673 2344 761 2407 nuce,
792 2326 820 2390 7.
845 2325 913 2408 (161.
933 2327 1007 2410 112)
1031 2328 1179 2393 Eiusdem
1195 2328 1332 2395 Libellus

152 2434 189 2496 de
213 2431 417 2496 medicamine
440 2429 530 2494 166161
555 2429 679 2512 (inscr.:
704 2428 827 2511 Incipit
849 2429 947 2495 ouidi'
969 2430 1007 2495 dc
1029 2417 1210 2497 roeticomic
1232 2432 1334 2515 sotici,

153 2535 293 2600 subscr:
315 2533 462 2615 66666
477 2532 576 2597 octor
592 2533 629 2596 ee
643 2517 826 2597 666666
839 2533 931 2613 facea·
944 2533 1036 2613 666·
1051 2533 1121 2616 sie),
1138 2535 1168 2601 s.
1186 2535 1335 2600 nrrsuem

154 2639 326 2714 Somnium,
351 2638 380 2700 9.
404 2636 557 2701 Beruardi
580 2633 723 2701 Silvestri
746 2653 962 2721 megacosmus
984 2641 1015 2701 et
1036 2638 1269 2703 microcosmus.

254 2739 353 2804 Codex
376 2738 596 2822 Mentelianus,
620 2757 713 2820 quem
737 2758 808 2804 cum
832 2737 1037 2821 Neapolitano
1064 2741 1188 2823 (priore)
1213 2744 1245 2806 61
1268 2742 1334 2806 611·

153 2844 235 2907 11666
259 2843 460 2924 Naugeriaua
490 2842 523 2905 iu
546 2841 654 2907 libelle
684 2842 723 2906 de
754 2843 958 2907 medicamine
981 2842 1040 2908 166.
1064 2844 1219 2926 optimum
1244 2845 1333 2910 duxit

152 2947 230 3011 labu
257 2949 292 3026 (t.
316 2947 355 3010 ll.
379 2944 475 3027 praef.
498 2963 568 3028 pag.
592 2944 682 3026 XX),
716 2945 855 3028 proxime
879 2943 955 3009 mihi
979 2946 1125 3010 accedere
1148 2948 1272 3012 videtur
1294 2949 1334 3012 ad

154 3052 286 3115 codicem
309 3046 635 3124 Chellenhamiauum,
665 3067 757 3131 quem
780 3051 945 3130 tamquam
967 3049 1104 3113 medium
1127 3049 1229 3114 locum
1252 3049 1334 3114 iuter

155 3153 236 3217 1166
248 3151 381 3215 alteram
395 3150 545 3216 librorum
558 3150 709 3216 familiam
725 3149 865 3215 obtinere
876 3169 969 3233 supra
981 3148 1127 3227 diximus,
1142 3170 1333 3234 quamquam

153 3255 295 3338 pluribus
319 3272 412 3336 quam
437 3251 464 3317 C
484 3254 559 3318 locis
583 3253 707 3318 exhibet
729 3253 917 3318 lectionesa
939 3271 1034 3318 mauu
1061 3253 1119 3318 illa
1148 3255 1331 3320 retractanti

155 3360 271 3423 illatas.
295 3355 350 3420 ubi
373 3357 468 3420 iniis
492 3375 570 3437 quae
594 3356 718 3421 exhibet
733 3355 921 3421 carminibus
944 3355 1087 3421 codicum
1110 3357 1332 3423 recensitorum

153 3461 292 3526 familiae
314 3458 467 3523 rationem
490 3459 596 3524 haberi
619 3479 654 3523 ex
677 3478 736 3524 usu
759 3477 825 3524 esse
856 3458 1021 3538 videbitur,
1045 3458 1157 3543 dignus
1181 3460 1258 3544 erit,
1282 3461 1336 3544 qui

154 3564 349 3645 inspiciatur.

254 3666 353 3730 Codex
377 3664 621 3730 Bodleiauus
645 3667 751 3743 (1661.
776 3665 817 3733 F.
840 3670 871 3729 4.
894 3669 952 3746 24)
975 3667 1154 3732 chartaceus
1169 3686 1248 3732 saec.
1264 3667 1334 3732 XV.

154 3769 257 3835 Ovidii
292 3770 430 3833 carmina
463 3769 616 3834 amatoria
649 3771 771 3853 aliaque
805 3771 871 3835 eius
902 3769 1043 3836 carmina
1076 3770 1253 3852 complexus
1281 3771 1335 3835 161.

155 3874 230 3939 1441
253 3891 318 3954 sqq.
343 3872 469 3937 exhibet
498 3873 656 3937 Libellum
684 3876 722 3939 de
751 3875 833 3938 med.
857 3873 915 3939 166.
940 3873 1144 3955 inscriptione
1165 3873 1224 3939 hac
1245 3892 1336 3955 prae-

154 3978 228 4043 lixa:
247 3975 284 4040 P.
302 3973 411 4039 Ouidii
427 3974 571 4040 Nasonis
582 3976 619 4040 de
632 3976 849 4043 Medicomiae
858 3977 961 4059 sotici.
978 3977 1040 4042 Hic
1055 3976 1143 4054 liber,
1158 3977 1220 4042 etsi
1234 3978 1336 4062 magis

155 4098 246 4162 quarn
264 4079 356 4143 ceteri
371 4078 462 4144 huius
479 4079 591 4145 aetatis
607 4099 678 4145 cum
695 4079 740 4144 M
744 4079 805 4145 CL
820 4082 972 4163 congruit,
989 4083 1094 4145 tamen
1111 4083 1144 4144 et
1159 4081 1336 4146 communi·

156 4184 212 4246 bus
235 4182 300 4246 illis
324 4181 452 4246 alterius
476 4183 617 4248 codicum
641 4184 780 4249 familiae
801 4184 889 4249 vitiis
912 4189 944 4249 et
966 4184 1083 4267 passim
1107 4183 1245 4248 inventis
1274 4184 1338 4248 sin·

162 4286 322 4370 gularibus
346 4290 392 4349 661
413 4286 607 4367 inquinatus,
621 4286 667 4350 ita
683 4289 717 4351 ut
732 4287 853 4352 nullam
869 4288 933 4353 fere
949 4288 1015 4352 eius
1030 4287 1250 4353 auctoritatem
1269 4305 1337 4352 esse

154 4390 269 4471 pateat.
296 4390 463 4470 singularis
485 4391 575 4455 lectio
592 4409 621 4456 v.
637 4390 675 4454 41
694 4389 857 4472 reliquerit
880 4410 934 4474 pro
956 4394 1116 4457 rentocerit
1132 4391 1213 4455 ferte
1228 4410 1265 4454 ex
1279 4390 1338 4456 hoc

1216 4495 1232 4544 ‘i
