<?xml version="1.0" encoding="UTF-8"?>
<!DOCTYPE html PUBLIC "-//W3C//DTD XHTML 1.0 Transitional//EN"
    "http://www.w3.org/TR/xhtml1/DTD/xhtml1-transitional.dtd">
<html xmlns="http://www.w3.org/1999/xhtml" xml:lang="en" lang="en">
 <head>
  <title>
</title>
<meta http-equiv="Content-Type" content="text/html;charset=utf-8" />
  <meta name='ocr-system' content='tesseract 3.04.00' />
  <meta name='ocr-capabilities' content='ocr_page ocr_carea ocr_par ocr_line ocrx_word'/>
</head>
<body>
  <div class='ocr_page' id='page_1' title='image "./povidiinasonisl00kunzgoog_0031.png"; bbox 0 0 2984 5040; ppageno 0'>
   <div class='ocr_carea' id='block_1_1' title="bbox 743 391 956 460">
    <p class='ocr_par' dir='ltr' id='par_1_1' title="bbox 743 391 956 460">
     <span class='ocr_line' id='line_1_1' title="bbox 743 391 956 460; baseline -0.009 -20"><span class='ocrx_word' id='word_1_1' title='bbox 743 391 871 460; x_wconf 79' lang='lat'><strong>...22</strong></span> <span class='ocrx_word' id='word_1_2' title='bbox 914 427 956 438; x_wconf 89' lang='grc'><strong><em>...</em></strong></span> 
     </span>
    </p>
   </div>
   <div class='ocr_carea' id='block_1_2' title="bbox 224 577 1444 3876">
    <p class='ocr_par' dir='ltr' id='par_1_2' title="bbox 224 577 1444 970">
     <span class='ocr_line' id='line_1_2' title="bbox 224 577 1444 651; baseline -0.003 -4"><span class='ocrx_word' id='word_1_3' title='bbox 224 599 226 603; x_wconf 70' lang='grc'>’</span> <span class='ocrx_word' id='word_1_4' title='bbox 261 583 399 647; x_wconf 85' lang='lat' dir='ltr'>curatam</span> <span class='ocrx_word' id='word_1_5' title='bbox 424 599 443 645; x_wconf 89' lang='grc'><strong><em>5</em></strong></span> <span class='ocrx_word' id='word_1_6' title='bbox 465 577 630 651; x_wconf 85' lang='lat' dir='ltr'>Francisco</span> <span class='ocrx_word' id='word_1_7' title='bbox 651 578 824 644; x_wconf 87' lang='lat' dir='ltr'>Puteolano</span> <span class='ocrx_word' id='word_1_8' title='bbox 839 577 1002 644; x_wconf 77' lang='lat' dir='ltr'>Parmensi</span> <span class='ocrx_word' id='word_1_9' title='bbox 1023 577 1180 644; x_wconf 78' lang='lat' dir='ltr'>Bononiae</span> <span class='ocrx_word' id='word_1_10' title='bbox 1196 596 1225 645; x_wconf 89' lang='grc'><strong><em>5.</em></strong></span> <span class='ocrx_word' id='word_1_11' title='bbox 1242 578 1323 643; x_wconf 78' lang='grc'><strong><em>1451</em></strong></span> <span class='ocrx_word' id='word_1_12' title='bbox 1341 577 1444 644; x_wconf 81' lang='lat' dir='ltr'>edidit</span> 
     </span>
     <span class='ocr_line' id='line_1_3' title="bbox 260 679 1442 765; baseline -0.001 -17"><span class='ocrx_word' id='word_1_13' title='bbox 260 682 427 748; x_wconf 88' lang='lat' dir='ltr'>Balthasar</span> <span class='ocrx_word' id='word_1_14' title='bbox 443 680 619 765; x_wconf 85' lang='lat' dir='ltr'>Aaoguidus</span> <span class='ocrx_word' id='word_1_15' title='bbox 641 679 718 746; x_wconf 88' lang='lat' dir='ltr'>civis</span> <span class='ocrx_word' id='word_1_16' title='bbox 735 681 946 759; x_wconf 81' lang='lat' dir='ltr'>Bononiensis,</span> <span class='ocrx_word' id='word_1_17' title='bbox 960 681 1130 746; x_wconf 88' lang='lat' dir='ltr'>secundum</span> <span class='ocrx_word' id='word_1_18' title='bbox 1153 681 1296 747; x_wconf 87' lang='lat' dir='ltr'>tabulam</span> <span class='ocrx_word' id='word_1_19' title='bbox 1313 680 1389 747; x_wconf 88' lang='lat' dir='ltr'>folio</span> <span class='ocrx_word' id='word_1_20' title='bbox 1405 681 1442 753; x_wconf 77' lang='lat'><strong><em>4⁸</em></strong></span> 
     </span>
     <span class='ocr_line' id='line_1_4' title="bbox 261 783 1442 902; baseline -0.001 -51"><span class='ocrx_word' id='word_1_21' title='bbox 261 786 453 902; x_wconf 83' lang='lat' dir='ltr'>propositam</span> <span class='ocrx_word' id='word_1_22' title='bbox 472 783 608 861; x_wconf 81' lang='lat' dir='ltr'>(Tabula</span> <span class='ocrx_word' id='word_1_23' title='bbox 629 803 740 849; x_wconf 88' lang='lat' dir='ltr'>carum</span> <span class='ocrx_word' id='word_1_24' title='bbox 758 802 865 848; x_wconf 84' lang='lat' dir='ltr'>rcrnrn</span> <span class='ocrx_word' id='word_1_25' title='bbox 881 795 940 864; x_wconf 82' lang='lat' dir='ltr'><strong><em>que</em></strong></span> <span class='ocrx_word' id='word_1_26' title='bbox 961 783 1014 871; x_wconf 82' lang='grc'><strong><em>5552</em></strong></span> <span class='ocrx_word' id='word_1_27' title='bbox 1036 805 1049 847; x_wconf 92' lang='grc'><strong><em>5</em></strong></span> <span class='ocrx_word' id='word_1_28' title='bbox 1001 783 1124 849; x_wconf 73' lang='lat' dir='ltr'>i&#39;lcoc</span> <span class='ocrx_word' id='word_1_29' title='bbox 1145 784 1318 869; x_wconf 85' lang='lat' dir='ltr'>uolumine)</span> <span class='ocrx_word' id='word_1_30' title='bbox 1335 783 1442 850; x_wconf 85' lang='lat' dir='ltr'>Ovidii</span> 
     </span>
     <span class='ocr_line' id='line_1_5' title="bbox 260 887 911 970; baseline -0.007 -14"><span class='ocrx_word' id='word_1_31' title='bbox 260 889 398 958; x_wconf 89' lang='lat' dir='ltr'>carmina</span> <span class='ocrx_word' id='word_1_32' title='bbox 419 889 479 953; x_wconf 93' lang='lat' dir='ltr'>hoc</span> <span class='ocrx_word' id='word_1_33' title='bbox 499 887 606 953; x_wconf 88' lang='lat' dir='ltr'>ordine</span> <span class='ocrx_word' id='word_1_34' title='bbox 618 887 721 955; x_wconf 87' lang='lat' dir='ltr'>habet</span> <span class='ocrx_word' id='word_1_35' title='bbox 745 887 911 970; x_wconf 92' lang='lat' dir='ltr'>disposi:</span> 
     </span>
    </p>

    <p class='ocr_par' dir='ltr' id='par_1_3' title="bbox 252 951 1443 1593">
     <span class='ocr_line' id='line_1_6' title="bbox 361 951 1442 1073; baseline -0.004 -15"><span class='ocrx_word' id='word_1_36' title='bbox 361 997 391 1058; x_wconf 85' lang='lat'><strong><em>1.</em></strong></span> <span class='ocrx_word' id='word_1_37' title='bbox 415 991 511 1073; x_wconf 80' lang='lat' dir='ltr'>Epist</span> <span class='ocrx_word' id='word_1_38' title='bbox 498 991 587 1073; x_wconf 80' lang='lat' dir='ltr'>telae,</span> <span class='ocrx_word' id='word_1_39' title='bbox 610 994 643 1058; x_wconf 98' lang='grc'><em>2</em></span> <span class='ocrx_word' id='word_1_40' title='bbox 666 991 822 1058; x_wconf 86' lang='lat' dir='ltr'>Amorum</span> <span class='ocrx_word' id='word_1_41' title='bbox 845 992 920 1056; x_wconf 87' lang='lat' dir='ltr'>iibri</span> <span class='ocrx_word' id='word_1_42' title='bbox 942 992 1014 1071; x_wconf 91' lang='grc' dir='ltr'><strong><em>ΙΙΙ,</em></strong></span> <span class='ocrx_word' id='word_1_43' title='bbox 1038 997 1069 1056; x_wconf 86' lang='grc'><strong><em>3.</em></strong></span> <span class='ocrx_word' id='word_1_44' title='bbox 1092 951 1142 1058; x_wconf 85' lang='lat' dir='ltr'><strong><em>Da</em></strong></span> <span class='ocrx_word' id='word_1_45' title='bbox 1164 997 1232 1058; x_wconf 84' lang='lat' dir='ltr'>arde</span> <span class='ocrx_word' id='word_1_46' title='bbox 1255 990 1392 1056; x_wconf 90' lang='lat' dir='ltr'>arnandi</span> <span class='ocrx_word' id='word_1_47' title='bbox 1413 995 1442 1054; x_wconf 87' lang='grc'><strong><em>52</em></strong></span> 
     </span>
     <span class='ocr_line' id='line_1_7' title="bbox 258 1094 1441 1177; baseline -0.003 -15"><span class='ocrx_word' id='word_1_48' title='bbox 258 1097 296 1162; x_wconf 92' lang='lat' dir='ltr'><strong><em>dc</em></strong></span> <span class='ocrx_word' id='word_1_49' title='bbox 317 1095 451 1161; x_wconf 88' lang='lat' dir='ltr'>remedio</span> <span class='ocrx_word' id='word_1_50' title='bbox 474 1095 608 1173; x_wconf 85' lang='lat' dir='ltr'>amoris,</span> <span class='ocrx_word' id='word_1_51' title='bbox 642 1098 674 1158; x_wconf 83' lang='lat'><strong><em>4.</em></strong></span> <span class='ocrx_word' id='word_1_52' title='bbox 698 1094 767 1160; x_wconf 84' lang='lat' dir='ltr'><strong><em>Mei</em></strong></span> <span class='ocrx_word' id='word_1_53' title='bbox 755 1094 990 1177; x_wconf 79' lang='grc'><strong><em>2555555555</em></strong></span> <span class='ocrx_word' id='word_1_54' title='bbox 1013 1095 1089 1160; x_wconf 86' lang='lat' dir='ltr'>iibri</span> <span class='ocrx_word' id='word_1_55' title='bbox 1114 1095 1192 1176; x_wconf 87' lang='lat' dir='ltr'><strong><em>XV,</em></strong></span> <span class='ocrx_word' id='word_1_56' title='bbox 1208 1097 1254 1165; x_wconf 94' lang='grc'><strong><em>5.</em></strong></span> <span class='ocrx_word' id='word_1_57' title='bbox 1277 1094 1400 1160; x_wconf 85' lang='grc'><strong><em>155552</em></strong></span> <span class='ocrx_word' id='word_1_58' title='bbox 1372 1099 1441 1158; x_wconf 88' lang='grc'><strong><em>2555</em></strong></span> 
     </span>
     <span class='ocr_line' id='line_1_8' title="bbox 258 1195 1441 1281; baseline -0.003 -18"><span class='ocrx_word' id='word_1_59' title='bbox 258 1200 296 1263; x_wconf 87' lang='grc'><strong><em>55</em></strong></span> <span class='ocrx_word' id='word_1_60' title='bbox 310 1198 397 1281; x_wconf 80' lang='grc'><strong><em>1255,</em></strong></span> <span class='ocrx_word' id='word_1_61' title='bbox 421 1203 449 1262; x_wconf 89' lang='lat'><strong><em>6.</em></strong></span> <span class='ocrx_word' id='word_1_62' title='bbox 466 1195 567 1274; x_wconf 83' lang='lat' dir='ltr'>Fusii,</span> <span class='ocrx_word' id='word_1_63' title='bbox 591 1200 621 1261; x_wconf 81' lang='lat'><strong><em>7.</em></strong></span> <span class='ocrx_word' id='word_1_64' title='bbox 639 1195 772 1281; x_wconf 78' lang='lat' dir='ltr'>Tristia,</span> <span class='ocrx_word' id='word_1_65' title='bbox 795 1199 826 1261; x_wconf 86' lang='grc'><strong><em>8.</em></strong></span> <span class='ocrx_word' id='word_1_66' title='bbox 843 1199 893 1262; x_wconf 87' lang='lat' dir='ltr'>Dc</span> <span class='ocrx_word' id='word_1_67' title='bbox 908 1217 976 1279; x_wconf 79' lang='lat' dir='ltr'><strong><em>pou</em></strong></span> <span class='ocrx_word' id='word_1_68' title='bbox 976 1201 1016 1276; x_wconf 89' lang='grc'><strong><em>25,</em></strong></span> <span class='ocrx_word' id='word_1_69' title='bbox 1040 1201 1070 1261; x_wconf 88' lang='grc'><strong><em>9.</em></strong></span> <span class='ocrx_word' id='word_1_70' title='bbox 1087 1195 1137 1262; x_wconf 89' lang='lat' dir='ltr'>Dc</span> <span class='ocrx_word' id='word_1_71' title='bbox 1155 1196 1272 1281; x_wconf 78' lang='lat' dir='ltr'>pudice,</span> <span class='ocrx_word' id='word_1_72' title='bbox 1295 1203 1348 1266; x_wconf 88' lang='lat'><strong><em>10.</em></strong></span> <span class='ocrx_word' id='word_1_73' title='bbox 1363 1197 1441 1262; x_wconf 82' lang='lat' dir='ltr'><strong><em>Pu-</em></strong></span> 
     </span>
     <span class='ocr_line' id='line_1_9' title="bbox 258 1298 1441 1383; baseline -0.003 -16"><span class='ocrx_word' id='word_1_74' title='bbox 258 1302 388 1383; x_wconf 87' lang='lat' dir='ltr'>doncla,</span> <span class='ocrx_word' id='word_1_75' title='bbox 421 1304 469 1366; x_wconf 80' lang='lat'><strong><em>11.</em></strong></span> <span class='ocrx_word' id='word_1_76' title='bbox 490 1298 542 1363; x_wconf 90' lang='lat' dir='ltr'>Dc</span> <span class='ocrx_word' id='word_1_77' title='bbox 563 1298 769 1365; x_wconf 75' lang='lat' dir='ltr'>medicamine</span> <span class='ocrx_word' id='word_1_78' title='bbox 789 1298 903 1380; x_wconf 87' lang='lat' dir='ltr'>faciei,</span> <span class='ocrx_word' id='word_1_79' title='bbox 940 1301 990 1364; x_wconf 91' lang='lat' dir='ltr'><strong><em>cui</em></strong></span> <span class='ocrx_word' id='word_1_80' title='bbox 1013 1299 1121 1366; x_wconf 89' lang='lat' dir='ltr'>libello</span> <span class='ocrx_word' id='word_1_81' title='bbox 1144 1300 1219 1368; x_wconf 88' lang='grc'><strong><em>55555</em></strong></span> <span class='ocrx_word' id='word_1_82' title='bbox 1240 1301 1363 1367; x_wconf 91' lang='lat' dir='ltr'>adiecta</span> <span class='ocrx_word' id='word_1_83' title='bbox 1393 1305 1441 1366; x_wconf 91' lang='grc'><strong><em>555</em></strong></span> 
     </span>
     <span class='ocr_line' id='line_1_10' title="bbox 258 1401 1443 1500; baseline -0.003 -28"><span class='ocrx_word' id='word_1_84' title='bbox 258 1403 460 1500; x_wconf 85' lang='lat' dir='ltr'>subscriptio:</span> <span class='ocrx_word' id='word_1_85' title='bbox 485 1403 523 1468; x_wconf 86' lang='grc' dir='ltr'><strong><em>Ρ.</em></strong></span> <span class='ocrx_word' id='word_1_86' title='bbox 544 1401 651 1468; x_wconf 85' lang='lat' dir='ltr'>Ouidii</span> <span class='ocrx_word' id='word_1_87' title='bbox 673 1403 815 1468; x_wconf 77' lang='lat' dir='ltr'>Nasonis</span> <span class='ocrx_word' id='word_1_88' title='bbox 836 1403 874 1469; x_wconf 93' lang='lat' dir='ltr'><strong><em>dc</em></strong></span> <span class='ocrx_word' id='word_1_89' title='bbox 895 1405 1103 1469; x_wconf 75' lang='lat' dir='ltr'>medicamine</span> <span class='ocrx_word' id='word_1_90' title='bbox 1123 1406 1220 1488; x_wconf 79' lang='lat' dir='ltr'>faciei</span> <span class='ocrx_word' id='word_1_91' title='bbox 1243 1404 1365 1471; x_wconf 86' lang='lat' dir='ltr'>libellus</span> <span class='ocrx_word' id='word_1_92' title='bbox 1389 1423 1443 1468; x_wconf 85' lang='lat' dir='ltr'><strong><em>ca·</em></strong></span> 
     </span>
     <span class='ocr_line' id='line_1_11' title="bbox 252 1505 772 1593; baseline -0.006 -18"><span class='ocrx_word' id='word_1_93' title='bbox 252 1507 350 1593; x_wconf 77' lang='grc'><strong><em>555552</em></strong></span> <span class='ocrx_word' id='word_1_94' title='bbox 370 1505 514 1591; x_wconf 75' lang='lat' dir='ltr'>feliciter,</span> <span class='ocrx_word' id='word_1_95' title='bbox 537 1511 590 1574; x_wconf 90' lang='grc'><strong><em>12.</em></strong></span> <span class='ocrx_word' id='word_1_96' title='bbox 612 1507 663 1573; x_wconf 91' lang='lat' dir='ltr'><strong><em>De</em></strong></span> <span class='ocrx_word' id='word_1_97' title='bbox 685 1528 772 1573; x_wconf 90' lang='lat' dir='ltr'>nuce.</span> 
     </span>
    </p>

    <p class='ocr_par' dir='ltr' id='par_1_4' title="bbox 360 1610 1442 1709">
     <span class='ocr_line' id='line_1_12' title="bbox 360 1610 1442 1709; baseline -0.002 -33"><span class='ocrx_word' id='word_1_98' title='bbox 360 1611 454 1678; x_wconf 80' lang='lat' dir='ltr'>Praei</span> <span class='ocrx_word' id='word_1_99' title='bbox 441 1615 488 1678; x_wconf 92' lang='grc'><strong><em>555</em></strong></span> <span class='ocrx_word' id='word_1_100' title='bbox 511 1610 587 1678; x_wconf 82' lang='lat' dir='ltr'>edit‘</span> <span class='ocrx_word' id='word_1_101' title='bbox 563 1616 663 1677; x_wconf 89' lang='grc'><strong><em>555555</em></strong></span> <span class='ocrx_word' id='word_1_102' title='bbox 686 1612 850 1708; x_wconf 87' lang='lat' dir='ltr'>principes,</span> <span class='ocrx_word' id='word_1_103' title='bbox 875 1631 935 1709; x_wconf 90' lang='lat' dir='ltr'><strong><em>quo</em></strong></span> <span class='ocrx_word' id='word_1_104' title='bbox 950 1613 1074 1678; x_wconf 82' lang='lat' dir='ltr'>facilius</span> <span class='ocrx_word' id='word_1_105' title='bbox 1090 1613 1222 1696; x_wconf 79' lang='lat' dir='ltr'>perspici</span> <span class='ocrx_word' id='word_1_106' title='bbox 1213 1611 1345 1695; x_wconf 82' lang='lat' dir='ltr'>possit,</span> <span class='ocrx_word' id='word_1_107' title='bbox 1363 1629 1442 1694; x_wconf 87' lang='lat' dir='ltr'>quae</span> 
     </span>
    </p>

    <p class='ocr_par' dir='ltr' id='par_1_5' title="bbox 227 1666 1443 3866">
     <span class='ocr_line' id='line_1_13' title="bbox 227 1666 1440 1797; baseline -0.002 -16"><span class='ocrx_word' id='word_1_108' title='bbox 227 1666 336 1787; x_wconf 77' lang='grc'><strong><em>555555</em></strong></span> <span class='ocrx_word' id='word_1_109' title='bbox 359 1704 442 1779; x_wconf 87' lang='lat' dir='ltr'>inter</span> <span class='ocrx_word' id='word_1_110' title='bbox 463 1715 518 1780; x_wconf 88' lang='lat' dir='ltr'><strong><em>has</em></strong></span> <span class='ocrx_word' id='word_1_111' title='bbox 540 1716 572 1780; x_wconf 88' lang='grc'><strong><em>55</em></strong></span> <span class='ocrx_word' id='word_1_112' title='bbox 594 1703 786 1796; x_wconf 83' lang='lat' dir='ltr'>reliquarum</span> <span class='ocrx_word' id='word_1_113' title='bbox 809 1714 980 1780; x_wconf 81' lang='lat' dir='ltr'>editionum</span> <span class='ocrx_word' id='word_1_114' title='bbox 1010 1716 1153 1780; x_wconf 82' lang='lat' dir='ltr'>veteram</span> <span class='ocrx_word' id='word_1_115' title='bbox 1181 1714 1401 1797; x_wconf 87' lang='lat' dir='ltr'>potissimas</span> <span class='ocrx_word' id='word_1_116' title='bbox 1392 1734 1440 1779; x_wconf 93' lang='lat' dir='ltr'>m-</span> 
     </span>
     <span class='ocr_line' id='line_1_14' title="bbox 256 1816 1441 1901; baseline -0.003 -17"><span class='ocrx_word' id='word_1_117' title='bbox 256 1816 479 1897; x_wconf 85' lang='lat' dir='ltr'>tercedat&#39;t</span> <span class='ocrx_word' id='word_1_118' title='bbox 430 1839 464 1884; x_wconf 92' lang='lat' dir='ltr'>1n</span> <span class='ocrx_word' id='word_1_119' title='bbox 465 1820 569 1900; x_wconf 84' lang='lat' dir='ltr'>tegnas</span> <span class='ocrx_word' id='word_1_120' title='bbox 591 1817 710 1883; x_wconf 90' lang='lat' dir='ltr'>inserui</span> <span class='ocrx_word' id='word_1_121' title='bbox 726 1817 907 1884; x_wconf 87' lang='lat' dir='ltr'>collatrones</span> <span class='ocrx_word' id='word_1_122' title='bbox 922 1819 1114 1884; x_wconf 86' lang='lat' dir='ltr'>Venetarnm</span> <span class='ocrx_word' id='word_1_123' title='bbox 1130 1819 1250 1901; x_wconf 88' lang='lat' dir='ltr'>primae</span> <span class='ocrx_word' id='word_1_124' title='bbox 1265 1821 1297 1884; x_wconf 88' lang='grc'><strong><em>55</em></strong></span> <span class='ocrx_word' id='word_1_125' title='bbox 1312 1817 1441 1883; x_wconf 86' lang='lat' dir='ltr'>alterius</span> 
     </span>
     <span class='ocr_line' id='line_1_15' title="bbox 256 1919 1441 2006; baseline -0.003 -17"><span class='ocrx_word' id='word_1_126' title='bbox 256 1941 283 1989; x_wconf 88' lang='lat' dir='ltr'>a.</span> <span class='ocrx_word' id='word_1_127' title='bbox 309 1921 447 1987; x_wconf 78' lang='grc'><strong><em>141455</em></strong></span> <span class='ocrx_word' id='word_1_128' title='bbox 472 1921 555 1987; x_wconf 88' lang='grc'><strong>1486</strong></span> <span class='ocrx_word' id='word_1_129' title='bbox 581 1919 709 2003; x_wconf 85' lang='lat' dir='ltr'>(Sedlm.</span> <span class='ocrx_word' id='word_1_130' title='bbox 732 1921 754 1986; x_wconf 89' lang='lat' dir='ltr'><strong><em>l.</em></strong></span> <span class='ocrx_word' id='word_1_131' title='bbox 779 1939 805 1986; x_wconf 93' lang='grc'><strong><em>5.</em></strong></span> <span class='ocrx_word' id='word_1_132' title='bbox 828 1921 869 2005; x_wconf 80' lang='grc'><strong><em>27</em></strong></span> <span class='ocrx_word' id='word_1_133' title='bbox 894 1925 971 2006; x_wconf 81' lang='grc'><strong><em>55.),</em></strong></span> <span class='ocrx_word' id='word_1_134' title='bbox 1000 1923 1073 1986; x_wconf 90' lang='lat' dir='ltr'>edit</span> <span class='ocrx_word' id='word_1_135' title='bbox 1065 1924 1143 1986; x_wconf 90' lang='grc'><strong><em>55555</em></strong></span> <span class='ocrx_word' id='word_1_136' title='bbox 1166 1922 1345 1987; x_wconf 87' lang='lat' dir='ltr'>Parmensis</span> <span class='ocrx_word' id='word_1_137' title='bbox 1367 1921 1441 1987; x_wconf 88' lang='grc'><strong><em>55555</em></strong></span> 
     </span>
     <span class='ocr_line' id='line_1_16' title="bbox 258 2023 1440 2113; baseline -0.002 -22"><span class='ocrx_word' id='word_1_138' title='bbox 258 2025 341 2091; x_wconf 79' lang='grc'><strong><em>1417</em></strong></span> <span class='ocrx_word' id='word_1_139' title='bbox 366 2023 498 2105; x_wconf 87' lang='lat' dir='ltr'>(Sedlm.</span> <span class='ocrx_word' id='word_1_140' title='bbox 523 2043 554 2106; x_wconf 85' lang='lat' dir='ltr'><strong><em>p.</em></strong></span> <span class='ocrx_word' id='word_1_141' title='bbox 573 2024 640 2108; x_wconf 84' lang='lat'>31),</span> <span class='ocrx_word' id='word_1_142' title='bbox 663 2025 850 2092; x_wconf 83' lang='lat' dir='ltr'>Aldinarnm</span> <span class='ocrx_word' id='word_1_143' title='bbox 873 2024 992 2113; x_wconf 90' lang='lat' dir='ltr'>primae</span> <span class='ocrx_word' id='word_1_144' title='bbox 1015 2045 1042 2091; x_wconf 89' lang='grc'><strong><em>5.</em></strong></span> <span class='ocrx_word' id='word_1_145' title='bbox 1062 2024 1225 2111; x_wconf 63' lang='grc'><strong><em>15025317)</em></strong></span> <span class='ocrx_word' id='word_1_146' title='bbox 1242 2030 1273 2091; x_wconf 88' lang='grc'><strong><em>55</em></strong></span> <span class='ocrx_word' id='word_1_147' title='bbox 1288 2024 1440 2090; x_wconf 88' lang='lat' dir='ltr'>secundae</span> 
     </span>
     <span class='ocr_line' id='line_1_17' title="bbox 257 2113 1439 2212; baseline -0.002 -18"><span class='ocrx_word' id='word_1_148' title='bbox 257 2113 666 2211; x_wconf 73' lang='grc'><strong><em>5151511555555555555</em></strong></span> <span class='ocrx_word' id='word_1_149' title='bbox 690 2117 896 2193; x_wconf 85' lang='lat' dir='ltr'>adservantur</span> <span class='ocrx_word' id='word_1_150' title='bbox 918 2129 951 2193; x_wconf 91' lang='lat' dir='ltr'><strong><em>in</em></strong></span> <span class='ocrx_word' id='word_1_151' title='bbox 974 2128 1049 2194; x_wconf 89' lang='lat' dir='ltr'>bibl.</span> <span class='ocrx_word' id='word_1_152' title='bbox 1074 2129 1172 2212; x_wconf 91' lang='lat' dir='ltr'>palat.</span> <span class='ocrx_word' id='word_1_153' title='bbox 1185 2129 1319 2195; x_wconf 90' lang='lat' dir='ltr'>Vindob.</span> <span class='ocrx_word' id='word_1_154' title='bbox 1344 2127 1439 2194; x_wconf 87' lang='lat' dir='ltr'>editio</span> 
     </span>
     <span class='ocr_line' id='line_1_18' title="bbox 250 2221 1439 2322; baseline -0.007 -19"><span class='ocrx_word' id='word_1_155' title='bbox 250 2231 372 2322; x_wconf 73' lang='lat' dir='ltr'>,Aldina</span> <span class='ocrx_word' id='word_1_156' title='bbox 391 2232 528 2299; x_wconf 88' lang='lat' dir='ltr'>secunda</span> <span class='ocrx_word' id='word_1_157' title='bbox 550 2249 584 2295; x_wconf 92' lang='lat' dir='ltr'><strong><em>eo</em></strong></span> <span class='ocrx_word' id='word_1_158' title='bbox 606 2231 807 2315; x_wconf 83' lang='lat' dir='ltr'>potissimum</span> <span class='ocrx_word' id='word_1_159' title='bbox 831 2221 879 2296; x_wconf 88' lang='grc'><strong><em>555</em></strong></span> <span class='ocrx_word' id='word_1_160' title='bbox 907 2233 1069 2310; x_wconf 61' lang='lat' dir='ltr'>notabilis</span> <span class='ocrx_word' id='word_1_161' title='bbox 1104 2235 1185 2316; x_wconf 92' lang='lat' dir='ltr'>quod</span> <span class='ocrx_word' id='word_1_162' title='bbox 1219 2233 1252 2297; x_wconf 94' lang='lat' dir='ltr'><strong><em>in</em></strong></span> <span class='ocrx_word' id='word_1_163' title='bbox 1286 2250 1321 2296; x_wconf 89' lang='grc'><strong><em>55</em></strong></span> <span class='ocrx_word' id='word_1_164' title='bbox 1351 2230 1439 2301; x_wconf 90' lang='lat' dir='ltr'>crisis</span> 
     </span>
     <span class='ocr_line' id='line_1_19' title="bbox 249 2322 1439 2420; baseline 0 -21"><span class='ocrx_word' id='word_1_165' title='bbox 249 2333 429 2416; x_wconf 84' lang='lat' dir='ltr'><strong><em>¹Ovidianae</em></strong></span> <span class='ocrx_word' id='word_1_166' title='bbox 448 2322 554 2420; x_wconf 64' lang='lat' dir='ltr'>&#39;prima</span> <span class='ocrx_word' id='word_1_167' title='bbox 576 2337 699 2403; x_wconf 86' lang='grc'><strong><em>5555555</em></strong></span> <span class='ocrx_word' id='word_1_168' title='bbox 722 2336 815 2401; x_wconf 88' lang='grc'><strong><em>555555</em></strong></span> <span class='ocrx_word' id='word_1_169' title='bbox 837 2336 920 2401; x_wconf 88' lang='lat' dir='ltr'>facta</span> <span class='ocrx_word' id='word_1_170' title='bbox 942 2337 981 2400; x_wconf 90' lang='lat' dir='ltr'><strong><em>ab</em></strong></span> <span class='ocrx_word' id='word_1_171' title='bbox 998 2337 1124 2401; x_wconf 90' lang='lat' dir='ltr'>Andrea</span> <span class='ocrx_word' id='word_1_172' title='bbox 1139 2336 1298 2418; x_wconf 85' lang='lat' dir='ltr'>Naugerio</span> <span class='ocrx_word' id='word_1_173' title='bbox 1323 2335 1439 2417; x_wconf 86' lang='lat' dir='ltr'>(Nava-</span> 
     </span>
     <span class='ocr_line' id='line_1_20' title="bbox 258 2425 1440 2526; baseline -0.002 -22"><span class='ocrx_word' id='word_1_174' title='bbox 258 2442 356 2524; x_wconf 82' lang='lat' dir='ltr'>gero),</span> <span class='ocrx_word' id='word_1_175' title='bbox 386 2458 447 2505; x_wconf 90' lang='lat' dir='ltr'>uno</span> <span class='ocrx_word' id='word_1_176' title='bbox 477 2458 513 2503; x_wconf 87' lang='grc'><strong><em>55</em></strong></span> <span class='ocrx_word' id='word_1_177' title='bbox 541 2439 641 2510; x_wconf 89' lang='lat' dir='ltr'>doctis</span> <span class='ocrx_word' id='word_1_178' title='bbox 664 2438 849 2526; x_wconf 73' lang='lat' dir='ltr'><strong><em>¹academiae</em></strong></span> <span class='ocrx_word' id='word_1_179' title='bbox 882 2439 1027 2504; x_wconf 87' lang='lat' dir='ltr'>Aldinae.</span> <span class='ocrx_word' id='word_1_180' title='bbox 1072 2438 1165 2503; x_wconf 88' lang='lat' dir='ltr'>huius</span> <span class='ocrx_word' id='word_1_181' title='bbox 1194 2441 1285 2505; x_wconf 83' lang='lat' dir='ltr'>notae</span> <span class='ocrx_word' id='word_1_182' title='bbox 1316 2425 1440 2512; x_wconf 82' lang='grc'><strong><em>55555555</em></strong></span> 
     </span>
     <span class='ocr_line' id='line_1_21' title="bbox 256 2528 1440 2625; baseline -0.002 -19"><span class='ocrx_word' id='word_1_183' title='bbox 256 2541 501 2625; x_wconf 82' lang='lat' dir='ltr'>(Annoiaiiones</span> <span class='ocrx_word' id='word_1_184' title='bbox 521 2541 558 2605; x_wconf 89' lang='lat' dir='ltr'><strong><em>iu</em></strong></span> <span class='ocrx_word' id='word_1_185' title='bbox 581 2542 690 2605; x_wconf 87' lang='lat' dir='ltr'>omnia</span> <span class='ocrx_word' id='word_1_186' title='bbox 716 2539 825 2623; x_wconf 85' lang='lat' dir='ltr'>Ouidij</span> <span class='ocrx_word' id='word_1_187' title='bbox 846 2530 954 2623; x_wconf 82' lang='lat' dir='ltr'>opera)</span> <span class='ocrx_word' id='word_1_188' title='bbox 977 2541 1168 2622; x_wconf 82' lang='lat' dir='ltr'>praemissae</span> <span class='ocrx_word' id='word_1_189' title='bbox 1192 2547 1266 2607; x_wconf 89' lang='lat' dir='ltr'>sunt</span> <span class='ocrx_word' id='word_1_190' title='bbox 1252 2528 1440 2607; x_wconf 86' lang='lat' dir='ltr'>tvolumini</span> 
     </span>
     <span class='ocr_line' id='line_1_22' title="bbox 256 2644 1441 2735; baseline -0.004 -23"><span class='ocrx_word' id='word_1_191' title='bbox 256 2645 551 2735; x_wconf 84' lang='lat' dir='ltr'>Metamorphoseon</span> <span class='ocrx_word' id='word_1_192' title='bbox 573 2647 670 2712; x_wconf 91' lang='lat' dir='ltr'>libros</span> <span class='ocrx_word' id='word_1_193' title='bbox 694 2644 883 2723; x_wconf 87' lang='grc'><strong><em>5555555555,</em></strong></span> <span class='ocrx_word' id='word_1_194' title='bbox 893 2644 1036 2730; x_wconf 90' lang='lat' dir='ltr'>quod&#39;</span> <span class='ocrx_word' id='word_1_195' title='bbox 1027 2663 1215 2728; x_wconf 80' lang='lat' dir='ltr'>impressum</span> <span class='ocrx_word' id='word_1_196' title='bbox 1244 2648 1332 2724; x_wconf 89' lang='grc'><strong><em>555,</em></strong></span> <span class='ocrx_word' id='word_1_197' title='bbox 1345 2644 1441 2708; x_wconf 90' lang='lat' dir='ltr'>Vene-</span> 
     </span>
     <span class='ocr_line' id='line_1_23' title="bbox 256 2725 1439 2823; baseline -0.003 -7.966"><span class='ocrx_word' id='word_1_198' title='bbox 256 2751 312 2823; x_wconf 80' lang='lat' dir='ltr'>iiis</span> <span class='ocrx_word' id='word_1_199' title='bbox 326 2751 363 2814; x_wconf 90' lang='grc'><strong><em>55</em></strong></span> <span class='ocrx_word' id='word_1_200' title='bbox 380 2750 509 2817; x_wconf 80' lang='lat' dir='ltr'>aedibus</span> <span class='ocrx_word' id='word_1_201' title='bbox 517 2749 639 2815; x_wconf 84' lang='lat' dir='ltr'>Addcc</span> <span class='ocrx_word' id='word_1_202' title='bbox 650 2749 800 2815; x_wconf 77' lang='lat' dir='ltr'>Andreae</span> <span class='ocrx_word' id='word_1_203' title='bbox 812 2725 916 2814; x_wconf 80' lang='lat' dir='ltr'>Soceri</span> <span class='ocrx_word' id='word_1_204' title='bbox 929 2749 1042 2812; x_wconf 87' lang='lat' dir='ltr'>Mense</span> <span class='ocrx_word' id='word_1_205' title='bbox 1054 2748 1231 2812; x_wconf 76' lang='lat' dir='ltr'>Februario</span> <span class='ocrx_word' id='word_1_206' title='bbox 1241 2744 1356 2812; x_wconf 88' lang='lat' dir='ltr'><strong><em>MDX</em></strong></span> <span class='ocrx_word' id='word_1_207' title='bbox 1363 2747 1439 2812; x_wconf 84' lang='lat' dir='ltr'><strong><em>VI</em></strong></span> 
     </span>
     <span class='ocr_line' id='line_1_24' title="bbox 257 2840 1440 2938; baseline -0.002 -19"><span class='ocrx_word' id='word_1_208' title='bbox 257 2872 330 2919; x_wconf 87' lang='lat' dir='ltr'><strong><em>cum</em></strong></span> <span class='ocrx_word' id='word_1_209' title='bbox 355 2853 405 2917; x_wconf 88' lang='lat' dir='ltr'><strong><em>his</em></strong></span> <span class='ocrx_word' id='word_1_210' title='bbox 440 2853 524 2920; x_wconf 88' lang='grc'><strong><em>55555</em></strong></span> <span class='ocrx_word' id='word_1_211' title='bbox 547 2852 762 2938; x_wconf 87' lang='lat' dir='ltr'>coniungenda</span> <span class='ocrx_word' id='word_1_212' title='bbox 787 2855 833 2917; x_wconf 85' lang='lat' dir='ltr'><strong><em>est</em></strong></span> <span class='ocrx_word' id='word_1_213' title='bbox 862 2871 940 2934; x_wconf 88' lang='lat' dir='ltr'>quae</span> <span class='ocrx_word' id='word_1_214' title='bbox 969 2871 1019 2917; x_wconf 90' lang='lat' dir='ltr'><strong><em>eas</em></strong></span> <span class='ocrx_word' id='word_1_215' title='bbox 1044 2852 1145 2936; x_wconf 89' lang='lat' dir='ltr'>sequit</span> <span class='ocrx_word' id='word_1_216' title='bbox 1147 2872 1183 2916; x_wconf 90' lang='lat' dir='ltr'><strong><em>ur</em></strong></span> <span class='ocrx_word' id='word_1_217' title='bbox 1206 2850 1362 2934; x_wconf 79' lang='lat' dir='ltr'>appendix</span> <span class='ocrx_word' id='word_1_218' title='bbox 1392 2840 1440 2917; x_wconf 86' lang='lat' dir='ltr'><strong><em>cui</em></strong></span> 
     </span>
     <span class='ocr_line' id='line_1_25' title="bbox 252 2939 1440 3043; baseline -0.002 -23"><span class='ocrx_word' id='word_1_219' title='bbox 252 2939 401 3028; x_wconf 85' lang='lat' dir='ltr'><strong><em>¹inscribit</em></strong></span> <span class='ocrx_word' id='word_1_220' title='bbox 388 2958 455 3019; x_wconf 88' lang='lat' dir='ltr'>tur:</span> <span class='ocrx_word' id='word_1_221' title='bbox 487 2954 739 3043; x_wconf 81' lang='lat' dir='ltr'>„Impressorurn</span> <span class='ocrx_word' id='word_1_222' title='bbox 771 2957 879 3018; x_wconf 80' lang='lat' dir='ltr'>errata</span> <span class='ocrx_word' id='word_1_223' title='bbox 912 2955 956 3018; x_wconf 89' lang='lat' dir='ltr'><strong><em>sic</em></strong></span> <span class='ocrx_word' id='word_1_224' title='bbox 991 2952 1168 3036; x_wconf 59' lang='grc'><strong><em>5555552511.</em></strong></span> <span class='ocrx_word' id='word_1_225' title='bbox 1198 2956 1337 3019; x_wconf 89' lang='lat' dir='ltr'>ceterum</span> <span class='ocrx_word' id='word_1_226' title='bbox 1371 2972 1440 3020; x_wconf 86' lang='lat' dir='ltr'><strong><em>cnm</em></strong></span> 
     </span>
     <span class='ocr_line' id='line_1_26' title="bbox 257 3047 1439 3140; baseline -0.003 -14"><span class='ocrx_word' id='word_1_227' title='bbox 257 3058 427 3127; x_wconf 82' lang='lat' dir='ltr'>aliast</span> <span class='ocrx_word' id='word_1_228' title='bbox 450 3058 545 3123; x_wconf 90' lang='lat' dir='ltr'>etiam</span> <span class='ocrx_word' id='word_1_229' title='bbox 567 3058 600 3123; x_wconf 94' lang='lat' dir='ltr'><strong><em>in</em></strong></span> <span class='ocrx_word' id='word_1_230' title='bbox 624 3057 816 3140; x_wconf 87' lang='lat' dir='ltr'>Bernhardyi</span> <span class='ocrx_word' id='word_1_231' title='bbox 839 3057 1009 3122; x_wconf 89' lang='lat' dir='ltr'>novissima</span> <span class='ocrx_word' id='word_1_232' title='bbox 1039 3057 1175 3123; x_wconf 89' lang='lat' dir='ltr'>editione</span> <span class='ocrx_word' id='word_1_233' title='bbox 1204 3057 1269 3122; x_wconf 85' lang='lat' dir='ltr'>hist</span> <span class='ocrx_word' id='word_1_234' title='bbox 1270 3057 1353 3122; x_wconf 85' lang='lat' dir='ltr'>oriae</span> <span class='ocrx_word' id='word_1_235' title='bbox 1376 3047 1439 3122; x_wconf 77' lang='lat' dir='ltr'>litt</span> 
     </span>
     <span class='ocr_line' id='line_1_27' title="bbox 256 3160 1441 3245; baseline -0.001 -19"><span class='ocrx_word' id='word_1_236' title='bbox 256 3160 345 3226; x_wconf 90' lang='lat' dir='ltr'>Rom.</span> <span class='ocrx_word' id='word_1_237' title='bbox 358 3161 402 3242; x_wconf 87' lang='lat' dir='ltr'>(a.</span> <span class='ocrx_word' id='word_1_238' title='bbox 418 3160 516 3245; x_wconf 80' lang='grc'><strong><em>1812)</em></strong></span> <span class='ocrx_word' id='word_1_239' title='bbox 539 3181 570 3244; x_wconf 89' lang='grc'><strong><em>5.</em></strong></span> <span class='ocrx_word' id='word_1_240' title='bbox 583 3163 646 3226; x_wconf 88' lang='grc'><strong><em>549</em></strong></span> <span class='ocrx_word' id='word_1_241' title='bbox 669 3179 802 3227; x_wconf 89' lang='lat' dir='ltr'>errorem</span> <span class='ocrx_word' id='word_1_242' title='bbox 825 3163 1036 3244; x_wconf 87' lang='lat' dir='ltr'>deprehendas</span> <span class='ocrx_word' id='word_1_243' title='bbox 1060 3182 1075 3226; x_wconf 95' lang='lat' dir='ltr'><strong><em>e</em></strong></span> <span class='ocrx_word' id='word_1_244' title='bbox 1099 3162 1165 3228; x_wconf 94' lang='lat' dir='ltr'>loco</span> <span class='ocrx_word' id='word_1_245' title='bbox 1188 3162 1220 3226; x_wconf 92' lang='lat' dir='ltr'><strong><em>in</em></strong></span> <span class='ocrx_word' id='word_1_246' title='bbox 1236 3162 1314 3226; x_wconf 86' lang='lat' dir='ltr'>bibl.</span> <span class='ocrx_word' id='word_1_247' title='bbox 1327 3162 1441 3227; x_wconf 86' lang='lat' dir='ltr'>Latina</span> 
     </span>
     <span class='ocr_line' id='line_1_28' title="bbox 256 3263 1440 3349; baseline -0.002 -18"><span class='ocrx_word' id='word_1_248' title='bbox 256 3263 393 3331; x_wconf 74' lang='lat' dir='ltr'>Fabricii</span> <span class='ocrx_word' id='word_1_249' title='bbox 416 3265 541 3349; x_wconf 88' lang='lat' dir='ltr'>(Venet.</span> <span class='ocrx_word' id='word_1_250' title='bbox 566 3265 659 3343; x_wconf 80' lang='grc'><strong><em>1728,</em></strong></span> <span class='ocrx_word' id='word_1_251' title='bbox 683 3265 716 3330; x_wconf 93' lang='grc' dir='ltr'>Π</span> <span class='ocrx_word' id='word_1_252' title='bbox 738 3284 768 3348; x_wconf 90' lang='grc'><strong><em>5.</em></strong></span> <span class='ocrx_word' id='word_1_253' title='bbox 785 3266 839 3346; x_wconf 88' lang='lat'><strong><em>31)</em></strong></span> <span class='ocrx_word' id='word_1_254' title='bbox 866 3284 1042 3348; x_wconf 85' lang='lat' dir='ltr'>perperam,</span> <span class='ocrx_word' id='word_1_255' title='bbox 1066 3269 1102 3331; x_wconf 88' lang='grc'><strong><em>55</em></strong></span> <span class='ocrx_word' id='word_1_256' title='bbox 1124 3265 1256 3348; x_wconf 91' lang='lat' dir='ltr'>videtur,</span> <span class='ocrx_word' id='word_1_257' title='bbox 1280 3265 1440 3331; x_wconf 90' lang='lat' dir='ltr'>intellecto</span> 
     </span>
     <span class='ocr_line' id='line_1_29' title="bbox 256 3353 1442 3459; baseline 0.002 -28"><span class='ocrx_word' id='word_1_258' title='bbox 256 3371 473 3453; x_wconf 87' lang='lat' dir='ltr'>propagatum,</span> <span class='ocrx_word' id='word_1_259' title='bbox 496 3367 645 3452; x_wconf 82' lang='lat' dir='ltr'>Naugerii</span> <span class='ocrx_word' id='word_1_260' title='bbox 667 3387 773 3435; x_wconf 90' lang='lat' dir='ltr'>curam</span> <span class='ocrx_word' id='word_1_261' title='bbox 796 3368 937 3434; x_wconf 77' lang='lat' dir='ltr'>criticam</span> <span class='ocrx_word' id='word_1_262' title='bbox 959 3368 1023 3434; x_wconf 85' lang='lat' dir='ltr'><strong><em>iam</em></strong></span> <span class='ocrx_word' id='word_1_263' title='bbox 1045 3371 1078 3434; x_wconf 90' lang='grc'><strong><em>55</em></strong></span> <span class='ocrx_word' id='word_1_264' title='bbox 1100 3368 1217 3433; x_wconf 81' lang='lat' dir='ltr'>Aldirm</span> <span class='ocrx_word' id='word_1_265' title='bbox 1245 3353 1345 3459; x_wconf 86' lang='lat' dir='ltr'>prima</span> <span class='ocrx_word' id='word_1_266' title='bbox 1369 3368 1442 3459; x_wconf 86' lang='lat' dir='ltr'>anni</span> 
     </span>
     <span class='ocr_line' id='line_1_30' title="bbox 258 3458 1442 3555; baseline 0.002 -20"><span class='ocrx_word' id='word_1_267' title='bbox 258 3471 378 3554; x_wconf 73' lang='lat' dir='ltr'>1502s3</span> <span class='ocrx_word' id='word_1_268' title='bbox 412 3473 539 3537; x_wconf 87' lang='grc'><strong><em>5555555.</em></strong></span> <span class='ocrx_word' id='word_1_269' title='bbox 583 3472 638 3537; x_wconf 89' lang='lat' dir='ltr'><strong><em>sed</em></strong></span> <span class='ocrx_word' id='word_1_270' title='bbox 660 3472 749 3538; x_wconf 91' lang='lat' dir='ltr'>nihil</span> <span class='ocrx_word' id='word_1_271' title='bbox 771 3473 811 3537; x_wconf 50' lang='lat' dir='ltr'><strong><em>in¹</em></strong></span> <span class='ocrx_word' id='word_1_272' title='bbox 835 3472 894 3538; x_wconf 91' lang='lat' dir='ltr'><strong><em>hac</em></strong></span> <span class='ocrx_word' id='word_1_273' title='bbox 922 3489 1035 3538; x_wconf 84' lang='lat' dir='ltr'>novam</span> <span class='ocrx_word' id='word_1_274' title='bbox 1063 3472 1168 3555; x_wconf 89' lang='lat' dir='ltr'>prodit</span> <span class='ocrx_word' id='word_1_275' title='bbox 1197 3472 1301 3537; x_wconf 87' lang='grc'><strong><em>555555</em></strong></span> <span class='ocrx_word' id='word_1_276' title='bbox 1334 3458 1442 3537; x_wconf 86' lang='grc'><strong><em>555555-</em></strong></span> 
     </span>
     <span class='ocr_line' id='line_1_31' title="bbox 256 3575 1441 3659; baseline 0 -21"><span class='ocrx_word' id='word_1_277' title='bbox 256 3575 391 3652; x_wconf 84' lang='lat' dir='ltr'>sionem,</span> <span class='ocrx_word' id='word_1_278' title='bbox 426 3575 459 3640; x_wconf 90' lang='lat' dir='ltr'><strong><em>in</em></strong></span> <span class='ocrx_word' id='word_1_279' title='bbox 481 3575 610 3641; x_wconf 87' lang='lat' dir='ltr'>alterius</span> <span class='ocrx_word' id='word_1_280' title='bbox 640 3579 695 3641; x_wconf 86' lang='grc'><strong><em>555</em></strong></span> <span class='ocrx_word' id='word_1_281' title='bbox 697 3595 747 3640; x_wconf 92' lang='lat' dir='ltr'><strong><em>em</em></strong></span> <span class='ocrx_word' id='word_1_282' title='bbox 769 3575 919 3655; x_wconf 81' lang='lat' dir='ltr'>Aldinae,</span> <span class='ocrx_word' id='word_1_283' title='bbox 955 3595 1049 3659; x_wconf 88' lang='lat' dir='ltr'>quam</span> <span class='ocrx_word' id='word_1_284' title='bbox 1073 3575 1231 3641; x_wconf 82' lang='lat' dir='ltr'>dedicavit</span> <span class='ocrx_word' id='word_1_285' title='bbox 1259 3575 1441 3640; x_wconf 90' lang='lat' dir='ltr'>Bernhardo</span> 
     </span>
     <span class='ocr_line' id='line_1_32' title="bbox 258 3675 1443 3780; baseline 0 -38"><span class='ocrx_word' id='word_1_286' title='bbox 258 3676 354 3742; x_wconf 84' lang='lat' dir='ltr'>Dirit&#39;</span> <span class='ocrx_word' id='word_1_287' title='bbox 331 3681 375 3743; x_wconf 88' lang='grc'><strong><em>555</em></strong></span> <span class='ocrx_word' id='word_1_288' title='bbox 398 3677 565 3755; x_wconf 87' lang='lat' dir='ltr'>cardinali,</span> <span class='ocrx_word' id='word_1_289' title='bbox 594 3679 735 3743; x_wconf 90' lang='lat' dir='ltr'>Andreas</span> <span class='ocrx_word' id='word_1_290' title='bbox 757 3679 913 3744; x_wconf 86' lang='lat' dir='ltr'>Asulanus</span> <span class='ocrx_word' id='word_1_291' title='bbox 937 3678 1016 3744; x_wconf 85' lang='lat' dir='ltr'>dicit</span> <span class='ocrx_word' id='word_1_292' title='bbox 1037 3679 1252 3780; x_wconf 90' lang='lat' dir='ltr'>recensionem</span> <span class='ocrx_word' id='word_1_293' title='bbox 1274 3677 1381 3767; x_wconf 89' lang='lat' dir='ltr'>ipsam</span> <span class='ocrx_word' id='word_1_294' title='bbox 1403 3675 1443 3742; x_wconf 90' lang='lat' dir='ltr'><strong><em>ad</em></strong></span> 
     </span>
     <span class='ocr_line' id='line_1_33' title="bbox 256 3779 817 3876; baseline 0 -30"><span class='ocrx_word' id='word_1_295' title='bbox 256 3779 450 3876; x_wconf 79' lang='lat' dir='ltr'>Naugerium</span> <span class='ocrx_word' id='word_1_296' title='bbox 474 3801 540 3847; x_wconf 89' lang='lat' dir='ltr'>csse</span> <span class='ocrx_word' id='word_1_297' title='bbox 562 3782 759 3847; x_wconf 87' lang='lat' dir='ltr'>referendam</span> <span class='ocrx_word' id='word_1_298' title='bbox 769 3779 817 3865; x_wconf 79' lang='lat'><strong><em>1⁸)</em></strong></span> 
     </span>
    </p>
   </div>
   <div class='ocr_carea' id='block_1_3' title="bbox 255 4096 1443 4525">
    <p class='ocr_par' dir='ltr' id='par_1_6' title="bbox 255 4096 1443 4340">
     <span class='ocr_line' id='line_1_34' title="bbox 362 4096 1443 4166; baseline -0.002 -14"><span class='ocrx_word' id='word_1_299' title='bbox 362 4097 392 4165; x_wconf 84' lang='lat'><strong><em>¹⁷)</em></strong></span> <span class='ocrx_word' id='word_1_300' title='bbox 401 4096 451 4152; x_wconf 45' lang='lat' dir='ltr'>vaf</span> <span class='ocrx_word' id='word_1_301' title='bbox 469 4096 502 4152; x_wconf 89' lang='grc'><strong><em>(15</em></strong></span> <span class='ocrx_word' id='word_1_302' title='bbox 520 4098 570 4152; x_wconf 89' lang='lat' dir='ltr'><strong><em>hac</em></strong></span> <span class='ocrx_word' id='word_1_303' title='bbox 587 4098 705 4154; x_wconf 86' lang='lat' dir='ltr'>editione</span> <span class='ocrx_word' id='word_1_304' title='bbox 723 4101 754 4152; x_wconf 97' lang='lat' dir='ltr'><strong><em>A.</em></strong></span> <span class='ocrx_word' id='word_1_305' title='bbox 772 4099 805 4154; x_wconf 90' lang='lat' dir='ltr'><strong><em>A.</em></strong></span> <span class='ocrx_word' id='word_1_306' title='bbox 823 4097 977 4166; x_wconf 84' lang='lat' dir='ltr'>Renonard,</span> <span class='ocrx_word' id='word_1_307' title='bbox 1006 4099 1125 4166; x_wconf 81' lang='lat' dir='ltr'>Annales</span> <span class='ocrx_word' id='word_1_308' title='bbox 1143 4098 1175 4152; x_wconf 89' lang='lat' dir='ltr'><strong><em>de</em></strong></span> <span class='ocrx_word' id='word_1_309' title='bbox 1193 4097 1378 4166; x_wconf 86' lang='lat' dir='ltr'>l’imprimcrie</span> <span class='ocrx_word' id='word_1_310' title='bbox 1395 4097 1443 4151; x_wconf 85' lang='lat' dir='ltr'><strong><em>des</em></strong></span> 
     </span>
     <span class='ocr_line' id='line_1_35' title="bbox 255 4179 1443 4253; baseline 0.004 -21"><span class='ocrx_word' id='word_1_311' title='bbox 255 4179 323 4234; x_wconf 88' lang='lat' dir='ltr'>Alde</span> <span class='ocrx_word' id='word_1_312' title='bbox 341 4183 391 4236; x_wconf 86' lang='lat' dir='ltr'>etc.</span> <span class='ocrx_word' id='word_1_313' title='bbox 410 4181 498 4249; x_wconf 82' lang='lat' dir='ltr'>(Paris</span> <span class='ocrx_word' id='word_1_314' title='bbox 519 4187 611 4251; x_wconf 80' lang='grc'><strong><em>1825),</em></strong></span> <span class='ocrx_word' id='word_1_315' title='bbox 634 4183 662 4239; x_wconf 84' lang='lat'><strong><em>1²</em></strong></span> <span class='ocrx_word' id='word_1_316' title='bbox 679 4185 743 4238; x_wconf 84' lang='lat' dir='ltr'>anni</span> <span class='ocrx_word' id='word_1_317' title='bbox 764 4189 830 4238; x_wconf 77' lang='lat'>1502</span> <span class='ocrx_word' id='word_1_318' title='bbox 848 4185 1004 4253; x_wconf 81' lang='lat' dir='ltr'>n⁰.18sq.,</span> <span class='ocrx_word' id='word_1_319' title='bbox 1021 4185 1054 4238; x_wconf 91' lang='lat' dir='ltr'><strong><em>A.</em></strong></span> <span class='ocrx_word' id='word_1_320' title='bbox 1072 4183 1103 4237; x_wconf 71' lang='lat'><strong><em>1⁴¹.</em></strong></span> <span class='ocrx_word' id='word_1_321' title='bbox 1121 4182 1220 4248; x_wconf 87' lang='lat' dir='ltr'>Didot,</span> <span class='ocrx_word' id='word_1_322' title='bbox 1243 4181 1311 4243; x_wconf 86' lang='lat' dir='ltr'>Alde</span> <span class='ocrx_word' id='word_1_323' title='bbox 1329 4182 1443 4249; x_wconf 77' lang='lat' dir='ltr'>Menace</span> 
     </span>
     <span class='ocr_line' id='line_1_36' title="bbox 256 4266 636 4340; baseline 0.016 -22"><span class='ocrx_word' id='word_1_324' title='bbox 256 4266 636 4340; x_wconf 75' lang='grc' dir='ltr'><strong><em>(Ρ55551875)5.524555.</em></strong></span> 
     </span>
    </p>

    <p class='ocr_par' dir='ltr' id='par_1_7' title="bbox 256 4332 1443 4513">
     <span class='ocr_line' id='line_1_37' title="bbox 360 4332 1443 4427; baseline 0.002 -17.041"><span class='ocrx_word' id='word_1_325' title='bbox 360 4353 577 4420; x_wconf 80' lang='lat' dir='ltr'>¹⁸)Ooidius...</span> <span class='ocrx_word' id='word_1_326' title='bbox 588 4371 695 4411; x_wconf 89' lang='lat' dir='ltr'>.nunc</span> <span class='ocrx_word' id='word_1_327' title='bbox 721 4371 756 4410; x_wconf 85' lang='lat' dir='ltr'><strong><em>ca</em></strong></span> <span class='ocrx_word' id='word_1_328' title='bbox 781 4357 898 4424; x_wconf 75' lang='lat' dir='ltr'>officina</span> <span class='ocrx_word' id='word_1_329' title='bbox 922 4332 1019 4412; x_wconf 84' lang='lat' dir='ltr'>nostra</span> <span class='ocrx_word' id='word_1_330' title='bbox 1044 4357 1070 4412; x_wconf 89' lang='grc'><strong><em>55</em></strong></span> <span class='ocrx_word' id='word_1_331' title='bbox 1091 4355 1204 4426; x_wconf 78' lang='lat' dir='ltr'>prodii,</span> <span class='ocrx_word' id='word_1_332' title='bbox 1234 4362 1266 4412; x_wconf 85' lang='lat' dir='ltr'><strong><em>ut</em></strong></span> <span class='ocrx_word' id='word_1_333' title='bbox 1291 4359 1342 4427; x_wconf 81' lang='lat' dir='ltr'><strong><em>qni</em></strong></span> <span class='ocrx_word' id='word_1_334' title='bbox 1360 4357 1443 4427; x_wconf 77' lang='grc'><strong><em>555555</em></strong></span> 
     </span>
     <span class='ocr_line' id='line_1_38' title="bbox 256 4441 1442 4525; baseline 0.007 -33"><span class='ocrx_word' id='word_1_335' title='bbox 256 4441 387 4496; x_wconf 84' lang='grc'><strong><em>552555</em></strong></span> <span class='ocrx_word' id='word_1_336' title='bbox 376 4456 408 4496; x_wconf 81' lang='lat' dir='ltr'><strong><em>cn</em></strong></span> <span class='ocrx_word' id='word_1_337' title='bbox 431 4442 497 4509; x_wconf 81' lang='lat' dir='ltr'>locis</span> <span class='ocrx_word' id='word_1_338' title='bbox 523 4442 748 4512; x_wconf 79' lang='lat' dir='ltr'>corruptissimus</span> <span class='ocrx_word' id='word_1_339' title='bbox 774 4441 1027 4525; x_wconf 79' lang='lat' dir='ltr'>circumferebatur,</span> <span class='ocrx_word' id='word_1_340' title='bbox 1059 4444 1092 4500; x_wconf 83' lang='lat' dir='ltr'><strong><em>in</em></strong></span> <span class='ocrx_word' id='word_1_341' title='bbox 1118 4459 1148 4498; x_wconf 93' lang='lat' dir='ltr'><strong><em>eo</em></strong></span> <span class='ocrx_word' id='word_1_342' title='bbox 1172 4458 1266 4513; x_wconf 76' lang='lat' dir='ltr'>pauca</span> <span class='ocrx_word' id='word_1_343' title='bbox 1293 4443 1442 4509; x_wconf 77' lang='grc'><strong><em>55155255</em></strong></span> 
     </span>
    </p>
   </div>
   <div class='ocr_carea' id='block_1_4' title="bbox 0 0 1496 5040">
    <p class='ocr_par' dir='ltr' id='par_1_8' title="bbox 0 0 1496 5040">
     <span class='ocr_line' id='line_1_39' title="bbox 0 0 1496 5040; baseline 0 0"><span class='ocrx_word' id='word_1_344' title='bbox 0 0 1496 5040; x_wconf 95' lang='lat' dir='ltr'><strong><em> </em></strong></span> 
     </span>
    </p>
   </div>
  </div>
 </body>
</html>
