2984 5040
705 369 895 432 ..3-

212 559 328 624 inserta
357 578 423 623 esse
446 559 619 639 potuerint,
649 559 825 622 coniectura
846 562 953 623 nostra
977 559 1114 641 aliquam
1138 556 1391 640 probabilitatem

212 663 325 727 habere
356 662 484 750 videtur.
507 661 674 726 dolendum
697 663 803 726 autem
831 663 892 740 est,
917 664 998 744 quod
1027 661 1214 742 subscriptio
1245 679 1298 723 sex
1329 659 1392 723 fere

210 766 377 842 linearum,
410 765 484 830 folio
515 763 580 841 65¹³,
615 767 695 846 quod
725 764 872 830 ultimum
897 769 945 829 est
976 766 1154 848 antiquum,
1186 764 1393 828 subiunctas

211 887 307 933 manu
337 866 515 941 recentiore,
544 869 637 951 plane
668 869 809 946 evanuit3
844 869 902 934 hae
924 869 1005 933 forte
1035 870 1073 933 de
1102 868 1176 934 fat-is
1204 867 1295 931 huius
1318 865 1394 929 libri

211 970 327 1052 aliquid
350 972 597 1051 comperiremus.

313 1071 401 1150 Quod
423 1075 461 1136 ad
483 1090 602 1145 manus,
627 1071 738 1154 quibus
760 1075 853 1138 oodex
875 1073 1056 1160 Marcianus
1080 1076 1225 1137 exaratus
1256 1075 1319 1150 est,
1343 1076 1393 1137 at-

211 1177 300 1255 tinet,
324 1179 469 1258 quattuor
491 1180 564 1240 sunt
588 1175 838 1258 distinguendae,
862 1178 941 1242 duae
965 1178 1111 1259 antiquae
1133 1178 1289 1259 aequales,
1314 1176 1393 1240 duae

211 1280 404 1345 recentiores

313 1383 423 1447 Altera
450 1401 562 1446 manus
593 1383 722 1464 antiqua
752 1382 1047 1464 Metamorphoseon
1077 1383 1172 1448 libros
1201 1382 1339 1448 exaravit
1363 1390 1395 1446 et

211 1486 351 1569 singulas
374 1488 479 1568 partes
502 1486 672 1564 Tristium,
705 1487 738 1550 id
769 1487 850 1568 quod
874 1485 907 1549 in
931 1486 1042 1568 primis
1066 1506 1082 1550 e
1105 1487 1260 1569 scriptura
1292 1487 1314 1550 f.
1338 1488 1395 1552 58b

212 1591 322 1668 eluoet,
348 1592 447 1655 altera
469 1589 603 1671 reliquas
626 1589 779 1654 Tristium
802 1594 907 1672 partes
931 1596 961 1654 et
985 1590 1107 1655 libellos
1131 1592 1167 1654 de
1190 1591 1277 1656 Nuoe
1301 1597 1333 1656 et
1358 1596 1394 1657 de

211 1693 292 1756 med.
316 1693 349 1768 f.‚
379 1693 432 1774 qui
462 1693 606 1774 quamvis
637 1692 751 1757 litteris
785 1693 1008 1758 minutissimis
1037 1695 1144 1776 seripti
1178 1694 1257 1776 sint,
1290 1700 1393 1759 tamen

211 1797 374 1860 manifeste
405 1796 535 1860 eandem
568 1797 873 1878 manum.produnt;
904 1801 980 1880 (qua
1003 1798 1040 1861 de
1064 1817 1096 1860 re
1119 1798 1152 1860 in
1175 1797 1286 1879 primis
1311 1817 1394 1862 eom-

212 1902 347 1981 paranda
383 1902 431 1962 est
467 1898 535 1962 folii
570 1897 627 1964 5gs
664 1899 807 1963 columna
845 1899 931 1984 sin).
969 1900 1027 1965 hae
1062 1902 1139 1965 duae
1170 1920 1280 1966 marus
1312 1903 1395 1967 anti·

213 2022 304 2084 quae,
335 2021 414 2085 quae
436 2021 471 2067 eo
492 2001 692 2084 potissimum
715 2008 847 2085 possunt
870 2003 1019 2078 disoerni,
1051 2005 1132 2085 quod
1156 2005 1255 2070 altera
1278 2006 1393 2070 litteris

212 2105 414 2188 rectioribus,
450 2105 550 2169 altera
578 2104 801 2188 obliquioribus
831 2106 944 2185 utitur,
980 2125 1011 2170 se
1041 2108 1175 2171 invicem
1199 2115 1394 2191 exceperunt,

211 2227 274 2273 una
297 2209 430 2273 alteram
452 2209 583 2273 correxit
605 2210 794 2290 lamnasque
818 2211 857 2274 ab
879 2210 936 2274 illa
958 2211 1094 2294 relictas,
1118 2229 1193 2294 quas
1225 2214 1263 2275 ad
1292 2213 1394 2277 muti-

211 2313 279 2376 lum
307 2311 508 2392 archetypum
530 2311 662 2375 fortasse
683 2330 892 2394 papyraceum
915 2312 1092 2378 referendas
1123 2332 1189 2377 esse
1219 2315 1395 2396 suspicatus

213 2417 258 2478 est
286 2434 315 2478 r.
339 2416 367 2479 d.
398 2416 439 2479 N.
469 2414 615 2497 Anniani,
651 2415 786 2496 explevit
823 2416 938 2496 (videas
973 2416 1006 2478 in
1035 2415 1146 2498 primis
1177 2415 1198 2478 f.
1223 2416 1297 2498 62¹³,
1314 2419 1395 2498 63²).

212 2518 416 2582 resentiorum
449 2535 601 2581 manuum
633 2517 765 2582 alteram
793 2519 925 2597 saeculi,
960 2524 996 2581 ut
1024 2519 1157 2593 ridetur,
1188 2520 1273 2583 XIV.
1298 2521 1395 2584 libros

211 2620 517 2702 Metamorphoseon,
553 2620 686 2684 alteram
720 2621 824 2700 paullo
847 2622 1050 2702 posteriorem
1073 2621 1110 2704 (s.
1133 2621 1215 2703 XV.)
1242 2624 1397 2688 Tristinm

212 2724 287 2789 folia
317 2724 475 2806 deperdita
508 2725 700 2807 supplevisse
733 2743 827 2806 supra
859 2725 1004 2812 diximus,
1039 2725 1076 2789 de
1111 2727 1213 2789 aetate
1249 2728 1397 2809 antiquae

213 2828 304 2891 huius
327 2829 439 2891 oodiois
467 2828 563 2910 partis
596 2827 655 2891 viri
688 2831 771 2893 docti
796 2829 880 2892 varie
904 2832 1097 2893 censuerunt.
1136 2829 1168 2892 in
1201 2832 1304 2893 eodioe
1327 2833 1396 2912 ipso

213 2931 386 2995 chartulam
401 2931 504 2995 inveni
519 2933 550 2995 in
568 2950 630 3013 qua
640 2932 715 2995 haee
729 2933 891 2997 adnotavit
907 2931 946 2997 N.
964 2932 1116 2995 Anniani:
1136 2931 1217 3010 „Nil
1233 2933 1396 3014 absortum,

212 3034 293 3115 qued
321 3036 482 3115 scriptura
503 3036 643 3098 tristium
668 3034 857 3112 obtutu-ou
877 3035 973 3116 finem
996 3035 1112 3098 codicis
1137 3035 1322 3100 Marcioni.
1336 3087 1344 3102 .
1359 3089 1389 3104 ..

131 3172 147 3213 p
212 3139 253 3201 sit
269 3138 377 3219 potius
398 3136 518 3201 saeculi
535 3139 571 3202 X
589 3157 685 3218 quoue
703 3136 766 3213 XI,
790 3138 873 3217 quod
895 3142 1014 3202 roudut
1035 3158 1073 3200 ea
1093 3138 1199 3220 formu
1215 3139 1396 3203 litterarum

207 3243 344 3323 propriu
377 3241 453 3305 eius
473 3241 542 3308 ueot
564 3261 660 3320 quom
684 3241 873 3320 posterioris
901 3245 1029 3325 aetatis,
1064 3245 1091 3305 et
1120 3242 1215 3304 ettam
1245 3262 1282 3305 em
1310 3243 1397 3324 fuluo

211 3344 308 3409 colore
330 3326 517 3421 atramenti,
548 3343 629 3423 quod
658 3347 702 3406 est
732 3362 796 3406 eoa
819 3343 880 3407 leve
901 3344 1060 3418 indictum
1083 3345 1222 3408 codicum
1252 3347 1395 3427 untiqui-

210 3448 318 3513 tutos&
341 3450 378 3513 R.
392 3447 571 3527 Merkelius,
595 3451 633 3512 ad
656 3466 747 3529 quem
771 3466 838 3511 sero
862 3447 976 3513 notitia
998 3447 1090 3512 buius
1114 3450 1230 3513 eodiois
1253 3451 1397 3531 pervenit

213 3552 266 3636 (of.
290 3553 393 3616 tentus
417 3551 493 3616 edit.
517 3556 539 3615 t.
563 3551 621 3615 ΙΙΙ.
646 3552 742 3634 praef.
767 3571 796 3633 p.
820 3552 895 3634 Ill),
920 3572 990 3617 eum
1014 3571 1092 3617 seeo.
1116 3552 1155 3615 X.
1179 3556 1234 3616 aut
1256 3552 1311 3618 ΧΙ.
1329 3572 1396 3618 esse

213 3654 299 3729 dioit,
323 3655 355 3719 id
378 3655 460 3736 quod
484 3657 523 3720 ab
546 3657 645 3720 amieo
668 3655 770 3719 neseio
794 3675 853 3738 quo
877 3655 1034 3737 comperit.
1059 3656 1228 3720 seeundum
1252 3656 1395 3722 Riesium

216 3762 252 3842 (t.
283 3758 345 3823 III.
375 3757 471 3840 praef.
501 3777 531 3839 p.
567 3758 644 3841 VII)
678 3759 838 3842 catalogus
874 3777 944 3822 eum
978 3759 1100 3823 saeoulo
1135 3759 1209 3826 XII.
1240 3759 1397 3824 attribuit.

212 3865 265 3928 sed
281 3863 394 3936 neseio,
419 3862 457 3925 de
481 3880 540 3943 quo
564 3862 704 3946 catalogo
720 3861 845 3926 Riesius
869 3860 964 3925 verba
987 3861 1099 3937 faeiat;
1124 3881 1197 3926 nam
1220 3862 1252 3925 in
1269 3865 1398 3944 supple·

214 3965 326 4029 mentis
342 3966 418 4030 bibl.
435 3965 662 4030 laurentianae
686 3984 782 4030 manu
799 3966 933 4047 seriptis,
958 3968 1106 4047 quattuor
1129 3966 1289 4030 volumina
1311 3984 1399 4030 oom-

213 4068 485 4151 prehendentibus,
511 4088 581 4134 eum
606 4086 759 4150 nusquam
782 4069 886 4134 inveni
909 4071 1200 4135 commemoratum.

313 4173 477 4238 Udalrious
500 4174 537 4236 de
560 4172 770 4238 Wilamowitu
793 4172 1023 4250 Moellendorff,
1056 4173 1109 4254 qui
1138 4174 1170 4237 in
1195 4171 1399 4237 Commenta·

213 4278 350 4344 tionibus
372 4278 406 4341 in
429 4278 575 4342 honorem
598 4277 654 4340 Th.
677 4277 865 4341 Mommseni
888 4277 1011 4358 scriptis
1036 4267 1151 4340 ex'hoo
1173 4278 1252 4340 libro
1275 4275 1401 4341 Nucem

213 4381 325 4459 edidit,
360 4399 389 4465 p.
419 4381 480 4445 391
512 4381 603 4445 dioit:
638 4379 744 4465 „libem
779 4383 815 4442 ut
836 4379 938 4458 periti
967 4383 1153 4458 autumant,
1182 4379 1305 4444 soeculo
1332 4378 1403 4459 fere

213 4483 375 4548 undecimo
397 4483 565 4564 seriptus“.
1026 4484 1037 4501 ”
