2984 5040
547 389 758 453 ..61-

161 576 233 640 Iam
251 593 323 640 vero
348 574 523 654 videamus,
560 594 636 640 num
658 576 784 642 omnino
807 574 839 641 hi
863 575 1175 658 venustandam,
1201 579 1241 641 ut

57 679 180 744 adeos·
194 680 326 744 tuendos
348 679 475 743 lacunas
497 679 697 744 statuamus..

69 818 71 823 .
162 780 216 845 Ao.
229 781 511 864 primumquidem
534 783 802 862 nonpotestrnon
829 781 991 847 offendere
1005 782 1057 846 hio
1079 781 1242 847 verborum

56 902 207 950 conexusz
235 902 349 964 prosse
371 903 520 966 paceque,
544 884 690 965 quoniam
713 903 792 965 poce
827 903 881 966 pro
916 886 1053 967 pluralis
1068 885 1242 950 accusativo

57 989 108 1052 est
138 986 376 1070 accipiendum..
405 987 591 1069 quicumque
628 987 712 1051 enim
750 986 829 1052 haec
861 987 975 1072 legit,.
998 988 1041 1053 de
1073 985 1242 1072 singularis

55 1090 269 1156 nominativa
283 1089 427 1154 seminini
465 1091 586 1174 generis
625 1089 775 1173 cogitat,.
794 1092 831 1155 ut
867 1090 988 1156 librarii
1022 1093 1158 1156 tontum.
1182 1109 1255 1156 non.

57 1212 183 1273 omnes,
213 1194 269 1277 qui
297 1194 416 1276 reliqua
444 1211 505 1259 non
535 1193 1181 1276 curantescuratius.conieceruntpucet
1200 1229 1245 1241 -

55 1300 229 1380 moeretur,
260 1299 361 1377 pacet
381 1333 417 1342 -
442 1299 577 1377 cccmus,
596 1301 700 1378 purat
713 1303 902 1378 *veneratam
932 1297 1010 1375 alia.
1039 1315 1117 1380 quae
1139 1295 1254 1363 omnia.

56 1399 204 1465 etiamin
217 1400 362 1482 sequenti
383 1418 473 1465 versu
495 1400 684 1484 singularem
707 1404 1000 1469 meretrtrarerunt.
1022 1420 1120 1483 neque
1134 1401 1253 1466 tamar

56 1503 129 1568 ulla.
153 1503 265 1568 harum
287 1502 547 1568 coniecturarum
562 1505 678 1569 locumv
694 1505 789 1570 habet
824 1497 949 1590 propter
980 1503 1245 1570 constructionem

58 1605 253 1689 reliquorum
275 1606 448 1670 verborum.
479 1606 588 1671 deinde
611 1609 761 1691 languida
784 1610 918 1691 quodam
950 1607 1045 1672 modo
1071 1608 1121 1672 est
1147 1605 1242 1671 dictio

49 1728 180 1791 paese:
190 1729 319 1788 parcre,
332 1729 418 1792 .quae
441 1729 516 1775 num
539 1711 675 1776 omniuo
688 1711 867 1790 latinaisit
892 1711 1011 1776 dubito.
1042 1712 1135 1794 atque
1157 1707 1240 1774 haud

60 1813 166 1877 minus
187 1815 291 1895 inepte
320 1813 414 1878 mihi.
430 1832 571 1894 expressa
601 1833 667 1880 esse
698 1814 824 1880 videtur
858 1815 1017 1880 sententia.
1035 1833 1146 1898 parum
1169 1830 1241 1878 oon-

58 1917 159 1984 cinne
178 1916 298 1981 adiecta
320 1917 484 1981 munditia
506 1917 790 1984 crimiaccculto.
814 1923 941 1984 cureat.
965 1919 996 1985 et
1019 1917 1092 2001 quid
1115 1915 1240 1982 omnino

57 2019 222 2083 munditia
249 2019 308 2084 sibi
330 2020 388 2084 hoc
411 2022 479 2085 loco
503 2024 588 2099 uult,
621 2041 693 2087 cum
720 2023 758 2086 de
780 2007 870 2087 catto
892 2040 992 2087 sermo
1016 2021 1080 2087 sit?
1115 2021 1150 2085 in
1166 2020 1236 2084 Art.

60 2123 155 2189 am..I
177 2122 244 2188 505
262 2123 339 2187 haec
360 2123 513 2207 praecipit
534 2125 639 2189 iuveni
664 2123 828 2191 Ovidiusz:

163 2218 224 2290 sec
245 2225 305 2291 tidc'
325 2226 494 2308 caesareo.
505 2227 636 2309 placeat
657 2232 800 2310 torpuere
823 2228 978 2313 capillos„

209 2328 283 2394 Nec.
297 2332 356 2394 tuo
376 2329 517 2395 mordaci
535 2330 661 2411 pomae
683 2351 780 2396 ceusu
803 2336 897 2396 toros.
916 2381 923 2396 .

50 2511 56 2524 „
165 2430 289 2496 Formo
308 2433 391 2497 ciros
405 2432 551 2516 -aeptectc
573 2433 656 2498 dccet

165 2535 349 2600 Munditias
368 2535 528 2617 placeant,
543 2535 708 2617 sescentae
728 2557 861 2620 corpora
874 2558 997 2620 conare.
1012 2586 1040 2604 ..
1059 2555 1130 2603 cum
1144 2536 1242 2620 igitur

61 2638 121 2703 hoo
144 2637 397 2704 loco-mauole'to‘c
418 2643 523 2722 aperte
546 2641 584 2704 iis
608 2642 892 2726 opponatur,‚quae
912 2643 955 2706 ad
963 2640 1253 2720 cultumdaoiunt„

61 2761 169 2809 uersus
192 2743 241 2807 illi
264 2744 418 2826 desperati
441 2745 607 2827 utrumque
631 2744 835 2810 confundunt.

164 2862 224 2928 His
241 2863 485 2930 difficultatibus
501 2870 682 2944 commotus,
696 2865 1237 2949 quaenullainnumorarumpacne

60 2966 327 3046 coniecturarum
362 2986 437 3050 qnae
471 2969 532 3033 viri
569 2972 652 3035 docti
686 2969 952 3053 excogitaverunt,
976 2968 1048 3034 tolli
1083 2968 1237 3047 ridentur,

10 3144 12 3153 ¹
60 3069 334 3153 comdemnat?
358 3088 405 3153 sq.
427 3072 459 3136 in
489 3090 616 3137 numero
637 3091 752 3140 weorum
779 3072 936 3137 habendos
965 3091 1030 3137 esse
1053 3073 1234 3146 censuerim,

10 3166 12 3185 '
62 3173 179 3258 quibus
202 3174 633 3258 arrectouuuel‘urariioque
649 3177 731 3241 male
747 3175 979 3258 doctisepridem
1004 3175 1120 3241 nefarie
1143 3175 1238 3237 inter·

62 3277 407 3362 polntaesse'scimus·
422 3277 769 3360 carminao‘vidianap.
783 3278 817 3343 id
846 3282 927 3361 quod
949 3279 1001 3344 vel
1030 3277 1241 3360 antiquissimi
1285 3326 1286 3330 ,

60 3379 180 3446 codiem
201 3381 369 3446 testauturt
407 3381 501 3446 forte
515 3382 624 3446 doctus
645 3382 759 3464 aliquis
783 3400 921 3448 morosus
949 3400 1133 3446 succensens
1162 3380 1238 3445 viris
1289 3461 1291 3467 Ι

59 3483 259 3569 effeminatis,
284 3502 415 3568 quonum
436 3485 476 3549 in·
493 3485 635 3550 versibus
657 3485 912 3551 antecedentibus
933 3486 1113 3563 fitmsntio,
1133 3484 1244 3568 pingui-

58 3605 135 3653 sane
156 3586 314 3652 Minerva.
329 3589 394 3653 hoc.
408 3586 565 3653 distichon
596 3606 701 3672 aegre
720 3587 881 3672 conflarit3
919 3590 991 3654 huic
1024 3591 1129 3654 autem
1162 3588 1252 3652 illud

58 3707 184 3754 wannoc
205 3691 351 3754 uenerari
384 3691 417 3755 et
445 3691 583 3774 reliqua,
620 3709 706 3774 quae
726 3692 919 3770 offendunt‚.
939 3691 1193 3758 condonabimus·
1211 3692 1241 3753 et

57 3793 202 3858 codioem
212 3794 696 3878 uncianumintegremnuiue
718 3795 924 3860 additamenti
947 3795 1079 3860 formam
1103 3810 1248 3859 servasset

56 3899 252 3973 statuemus,
291 3916 375 3963 cum:
396 3898 446 3963 in.
466 3898 594 3983 reliquis
627 3899 711 3964 idem
745 3897 900 3964 futilibus
922 3898 1125 3964 coniecturis
1141 3899 1208 3961 exst
1226 3898 1247 3958 t·

54 3999 281 4081 temptatum..
307 4018 396 4085 porro
412 4002 476 4086 is,=.
492 4003 547 4085 qui
568 4001 772 4086 archetypum
795 4001 937 4068 codicum
961 4002 1007 4066 M
1009 4000 1070 4067 CL
1084 3999 1238 4078 feneravit,

54 4120 256 4188 quamquam
273 4103 546 4186 interpolationem
566 4105 660 4170 illam
678 4104 887 4188 nonreiecit,
922 4107 1032 4170 tamen
1050 4120 1155 4167 versus
1168 4143 1172 4159 ‚
1186 4102 1254 4182 qui'

51 4205 670 4294 secunturnonaususzesttemptare,
704 4210 830 4275 contra«
843 4208 959 4291 relicui
980 4210 1098 4273 eadem
1115 4204 1241 4287 pellecti

51 4313 157 4378 etiam
173 4328 222 4375 vr.
235 4311 277 4376 29
292 4331 336 4394 sq.
350 4312 387 4377 de
403 4311 478 4377 uiris
494 4311 592 4378 dictos
616 4331 681 4378 esse
705 4311 764 4378 rati
787 4332 948 4398 perperam
963 4311 1035 4376 illos
1060 4312 1103 4391 (et
1126 4308 1235 4384 cattos)

49 4415 261 4498 scripserunt.
