2984 5040
709 407 751 420 ..
796 370 836 453 88
881 407 921 417 -

228 582 323 629 unum
348 563 409 639 est,
440 561 521 643 quod
544 559 623 624 mihi
652 560 790 627 iuvenire
818 557 1010 644 contigIt47).
1049 557 1253 639 Tertulliano,
1287 557 1341 642 qui
1375 559 1414 623 de

229 665 316 732 cultu
343 663 531 729 feminarum
559 662 634 727 duos
656 661 752 727 libros
782 662 973 744 conscripsit,
996 661 1100 728 Ovidii
1123 661 1250 728 libellus
1284 662 1412 746 ignotus

228 770 322 837 fuisse
355 766 498 842 videtum
537 767 619 831 certe
642 764 712 849 'veri
745 764 847 830 simile
883 765 929 830 est
967 784 1039 831 eum
1069 771 1105 830 ut
1142 765 1273 830 feminas
1312 767 1413 832 cultui

228 872 323 938 nimis
345 856 564 947 inservientes,
598 868 644 933 ite
669 869 772 933 cultus
800 870 989 954 magistrum
1018 870 1122 952 ipsum
1145 868 1293 935 Ovidium
1316 868 1413 934 fuisse

229 977 475 1060 perstricturum.
513 991 611 1055 neque
641 973 673 1037 in
705 972 801 1038 Plinii
824 973 970 1039 Naturali
997 960 1152 1052 Historia,
1190 969 1244 1039 ubi
1279 974 1413 1057 vestigia

229 1081 379 1163 quaedam
401 1079 520 1141 exstare
542 1075 716 1158 suspiceris,
733 1079 901 1159 quidquam
916 1077 1031 1158 inveni,
1049 1077 1138 1159 quod
1152 1080 1190 1144 ad
1207 1074 1310 1143 Ouidii
1327 1064 1411 1161 frag-

229 1182 370 1247 mentum
393 1180 480 1246 nobis
502 1181 659 1244 servatum
681 1181 845 1261 spectaret,
868 1180 928 1244 etsi
944 1181 1171 1246 medicamenta
1193 1185 1411 1248 commendata

230 1285 269 1352 ab
293 1284 402 1351 Ouidio
426 1284 489 1349 fere
511 1283 614 1350 omnia
637 1284 732 1348 etiam
756 1286 794 1349 ab
822 1282 877 1347 illo
906 1288 1196 1350 commemorantur.
1228 1284 1281 1350 sed
1312 1305 1410 1370 neque

229 1390 339 1454 horum
376 1405 475 1469 neque
511 1387 642 1451 aliorum
675 1385 839 1450 silentium
872 1385 955 1452 tanti
988 1387 1052 1470 est,
1090 1388 1126 1452 ut
1160 1386 1277 1454 diserta
1309 1386 1412 1455 Ovidii

230 1491 329 1574 ipsius
353 1490 446 1556 verba
469 1490 508 1555 ad
531 1490 713 1572 opusculum
737 1488 818 1571 quod
841 1488 881 1554 ad
904 1507 959 1554 nos
987 1491 1127 1574 pervenit
1160 1492 1331 1556 transferre
1355 1492 1411 1557 du·

231 1586 377 1659 bibemus.
400 1593 505 1676 itaque
522 1594 602 1676 quod
622 1592 778 1657 iudicium·
791 1591 991 1659 doctissimus
1013 1597 1178 1676 poetarum
1199 1595 1410 1663 Romanorum

233 1696 425 1775 aestimator,
450 1696 593 1782 Angelus
615 1695 805 1776 Pontianus,
839 1696 985 1780 quattuor
1014 1696 1127 1762 abhinc
1154 1697 1286 1763 saeculis
1319 1698 1410 1763 celeri

232 1801 350 1866 calamo
373 1792 491 1867 adlevit
515 1800 613 1867 codici
642 1818 706 1878 suo,
729 1800 760 1865 id
776 1802 812 1865 ut
835 1805 870 1865 eir
892 1805 1045 1879 accurata,
1066 1802 1158 1883 atque
1180 1801 1292 1867 subtili
1308 1800 1412 1866 Ovidii

234 1905 408 1989 cognitione
430 1906 534 1987 ortum
557 1908 588 1969 et
611 1922 715 1969 meum
738 1904 832 1968 facio:
856 1903 923 1968 Hoc
946 1903 1130 1986 opusculum
1146 1923 1208 1969 csse
1225 1903 1331 1970 Ouidii
1348 1924 1409 1986 pro

231 2013 310 2072 certo
338 2007 443 2091 iubeo,
476 2006 528 2072 uei
556 2005 637 2089 quod
669 2004 845 2071 Ouidiuuus
871 2007 1026 2072 scribeurii
1057 2006 1141 2072 color
1173 2011 1231 2090 cst,
1261 2008 1308 2073 oei
1331 2007 1410 2090 quod

225 2132 288 2194 pro
310 2131 365 2176 suo
388 2110 527 2178 iiteituuo
544 2111 623 2191 *ipse
646 2111 793 2194 upuoscii

337 2361 369 2425 Π)
387 2358 439 2413 Hic
457 2358 591 2412 inicienda
614 2374 670 2412 esse
692 2358 797 2412 videtur
815 2360 916 2412 mentio
934 2359 986 2413 loci
1003 2358 1118 2428 insignis
1136 2358 1257 2412 Pliniani
1276 2359 1305 2412 in
1324 2359 1359 2413 N.
1377 2359 1410 2414 H.

233 2446 309 2500 XXX
326 2451 350 2502 4.
370 2449 424 2513 (13)
443 2451 476 2499 33
494 2468 526 2494 =
545 2445 726 2514 fragmentum
748 2444 844 2500 XVIII
863 2445 934 2513 apud
957 2445 1086 2498 Riesium.
1104 2443 1172 2499 dicit
1190 2444 1261 2498 enim
1289 2445 1410 2502 Plinius:

232 2534 352 2603 Aupiuis
368 2532 433 2598 felle
451 2533 581 2587 auseriuo
599 2548 659 2587 cum
670 2533 788 2587 >elaterio
807 2538 832 2586 et
849 2533 927 2586 uelle
945 2531 1073 2586 citissime
1100 2533 1281 2596 succurritur,
1305 2534 1411 2588 cerebro

232 2626 357 2683 uectura,
376 2620 466 2673 ciuere
484 2618 644 2673 tiruudiuis
663 2634 696 2673 eu
713 2635 787 2687 aquo
805 2619 896 2672 calida
910 2625 985 2687 poto.
1003 2619 1108 2672 buius
1124 2617 1320 2672 medicinae
1333 2612 1412 2674 'ouc-

233 2711 286 2760 tor
304 2711 354 2760 est
376 2705 520 2760 Ouidius
534 2712 645 2773 poeta.
674 2705 718 2774 (cf.
736 2705 852 2760 indicem
870 2704 935 2758 libri
952 2704 1043 2758 XXIX
1061 2706 1089 2756 in
1107 2705 1180 2772 fine).
1207 2706 1260 2758 iam
1282 2721 1343 2759 cum
1365 2706 1413 2760 hoc

233 2793 462 2857 medicamentum,
480 2789 551 2860 qnod
568 2790 687 2844 Plinium
706 2808 736 2846 cx
749 2791 838 2846 Ouidii
857 2791 1017 2845 carminibus
1035 2789 1213 2858 desumpsisse
1230 2794 1314 2860 patet,
1330 2807 1413 2861 neque

234 2880 263 2933 in
282 2879 314 2932 iis
334 2893 401 2946 quae
424 2893 472 2931 nos
492 2877 620 2943 babemus
648 2881 732 2932 exstet
758 2893 841 2947 neque
869 2878 898 2931 in
924 2876 1086 2931 carminibus
1112 2876 1269 2946 deperditis,
1301 2893 1412 2946 qnomm

234 2965 341 3034 quidem
364 2964 398 3017 ad
424 2980 471 3018 nos
489 2964 532 3018 rel
555 2966 708 3035 fragmenta
731 2970 907 3035 pervenerunt
933 2966 975 3019 vel
1001 2965 1113 3032 notitia,
1139 2966 1226 3020 ullum
1250 2965 1412 3032 inveniatur,

234 3052 263 3104 in
288 3066 339 3119 quo
357 3051 579 3105 medicamentum
606 3045 713 3121 anginis
737 3058 829 3122 aptum
848 3051 983 3106 commode
1006 3052 1093 3119 possit
1117 3052 1255 3120 collocari,
1281 3051 1348 3105 mihi
1366 3050 1413 3103 ali·

234 3153 313 3206 quam
332 3136 532 3206 probabilitatis
560 3137 672 3205 speclem
696 3137 792 3191 habere
819 3137 924 3192 videtur
948 3137 1017 3192 illud
1040 3137 1105 3191 olim
1129 3138 1220 3192 libello
1249 3137 1282 3192 de
1300 3127 1412 3191 medica-

235 3225 306 3278 mine
324 3223 401 3279 faciei
419 3224 562 3278 etiamtum
580 3224 687 3291 integro
712 3223 794 3278 fuisso
811 3225 956 3290 insertum,
979 3224 1035 3278 sive
1058 3226 1129 3293 qnod
1147 3224 1218 3277 vocis
1237 3239 1333 3277 sonum
1352 3240 1413 3279 can·

235 3314 326 3366 tumve
339 3313 462 3381 tangeret
480 3312 565 3379 poeta,
585 3311 641 3365 sire
658 3310 856 3380 quod'augiuis
875 3311 956 3364 etiam
974 3312 1080 3364 vultum
1099 3310 1242 3365 deformari
1260 3314 1378 3381 putaret.
