<?xml version="1.0" encoding="UTF-8"?>
<!DOCTYPE html PUBLIC "-//W3C//DTD XHTML 1.0 Transitional//EN"
    "http://www.w3.org/TR/xhtml1/DTD/xhtml1-transitional.dtd">
<html xmlns="http://www.w3.org/1999/xhtml" xml:lang="en" lang="en">
 <head>
  <title>
</title>
<meta http-equiv="Content-Type" content="text/html;charset=utf-8" />
  <meta name='ocr-system' content='tesseract 3.04.00' />
  <meta name='ocr-capabilities' content='ocr_page ocr_carea ocr_par ocr_line ocrx_word'/>
</head>
<body>
  <div class='ocr_page' id='page_1' title='image "./povidiinasonisl00kunzgoog_0012.png"; bbox 0 0 2984 5040; ppageno 0'>
   <div class='ocr_carea' id='block_1_1' title="bbox 612 398 801 462">
    <p class='ocr_par' dir='ltr' id='par_1_1' title="bbox 612 398 801 462">
     <span class='ocr_line' id='line_1_1' title="bbox 612 398 801 462; baseline 0.005 -17"><span class='ocrx_word' id='word_1_1' title='bbox 612 398 801 462; x_wconf 63' lang='lat'>..3-</span> 
     </span>
    </p>
   </div>
   <div class='ocr_carea' id='block_1_2' title="bbox 10 581 1299 1289">
    <p class='ocr_par' dir='ltr' id='par_1_2' title="bbox 113 581 1299 1083">
     <span class='ocr_line' id='line_1_2' title="bbox 173 581 1299 673; baseline 0.004 -25"><span class='ocrx_word' id='word_1_2' title='bbox 173 619 175 627; x_wconf 94' lang='lat'>·</span> <span class='ocrx_word' id='word_1_3' title='bbox 216 581 362 649; x_wconf 80' lang='lat' dir='ltr'>ueterum</span> <span class='ocrx_word' id='word_1_4' title='bbox 384 583 509 649; x_wconf 89' lang='lat' dir='ltr'>Heinsii</span> <span class='ocrx_word' id='word_1_5' title='bbox 531 584 622 650; x_wconf 83' lang='lat' dir='ltr'>crisis</span> <span class='ocrx_word' id='word_1_6' title='bbox 646 586 679 650; x_wconf 91' lang='lat' dir='ltr'>in</span> <span class='ocrx_word' id='word_1_7' title='bbox 701 584 760 649; x_wconf 92' lang='lat' dir='ltr'>hoe</span> <span class='ocrx_word' id='word_1_8' title='bbox 784 585 908 669; x_wconf 89' lang='lat' dir='ltr'>quidem</span> <span class='ocrx_word' id='word_1_9' title='bbox 931 585 1040 652; x_wconf 89' lang='lat' dir='ltr'>libello</span> <span class='ocrx_word' id='word_1_10' title='bbox 1063 587 1129 653; x_wconf 90' lang='lat' dir='ltr'>tota</span> <span class='ocrx_word' id='word_1_11' title='bbox 1151 589 1299 673; x_wconf 77' lang='lat' dir='ltr'>pependit</span> 
     </span>
     <span class='ocr_line' id='line_1_3' title="bbox 115 686 1296 773; baseline 0.006 -23"><span class='ocrx_word' id='word_1_12' title='bbox 115 704 186 750; x_wconf 91' lang='lat' dir='ltr'>cum</span> <span class='ocrx_word' id='word_1_13' title='bbox 208 707 243 752; x_wconf 84' lang='lat' dir='ltr'>ex</span> <span class='ocrx_word' id='word_1_14' title='bbox 266 686 355 751; x_wconf 91' lang='lat' dir='ltr'>libris</span> <span class='ocrx_word' id='word_1_15' title='bbox 377 687 602 752; x_wconf 73' lang='lat' dir='ltr'><strong>recentissimis</strong></span> <span class='ocrx_word' id='word_1_16' title='bbox 619 705 656 753; x_wconf 89' lang='grc'>36</span> <span class='ocrx_word' id='word_1_17' title='bbox 670 690 804 770; x_wconf 86' lang='lat' dir='ltr'>pessime</span> <span class='ocrx_word' id='word_1_18' title='bbox 822 687 948 767; x_wconf 80' lang='lat' dir='ltr'>habitis,</span> <span class='ocrx_word' id='word_1_19' title='bbox 973 691 1042 755; x_wconf 88' lang='lat' dir='ltr'>tom</span> <span class='ocrx_word' id='word_1_20' title='bbox 1058 711 1074 755; x_wconf 92' lang='grc'>6</span> <span class='ocrx_word' id='word_1_21' title='bbox 1090 690 1296 773; x_wconf 83' lang='lat' dir='ltr'>Neapolitano</span> 
     </span>
     <span class='ocr_line' id='line_1_4' title="bbox 114 791 1297 872; baseline 0.004 -18"><span class='ocrx_word' id='word_1_22' title='bbox 114 791 225 872; x_wconf 89' lang='lat' dir='ltr'>primo,</span> <span class='ocrx_word' id='word_1_23' title='bbox 261 810 353 872; x_wconf 91' lang='lat' dir='ltr'>quem</span> <span class='ocrx_word' id='word_1_24' title='bbox 387 792 509 856; x_wconf 82' lang='lat' dir='ltr'>tentum</span> <span class='ocrx_word' id='word_1_25' title='bbox 542 792 606 857; x_wconf 91' lang='lat' dir='ltr'>iam</span> <span class='ocrx_word' id='word_1_26' title='bbox 638 794 827 858; x_wconf 89' lang='lat' dir='ltr'>recensitum</span> <span class='ocrx_word' id='word_1_27' title='bbox 861 796 893 857; x_wconf 89' lang='lat' dir='ltr'>et</span> <span class='ocrx_word' id='word_1_28' title='bbox 926 792 1072 858; x_wconf 73' lang='lat' dir='ltr'>audacter</span> <span class='ocrx_word' id='word_1_29' title='bbox 1093 794 1297 860; x_wconf 85' lang='lat' dir='ltr'>immutatum</span> 
     </span>
     <span class='ocr_line' id='line_1_5' title="bbox 115 893 1298 978; baseline 0.003 -20"><span class='ocrx_word' id='word_1_30' title='bbox 115 893 259 959; x_wconf 86' lang='lat' dir='ltr'>exhibere</span> <span class='ocrx_word' id='word_1_31' title='bbox 281 895 389 977; x_wconf 89' lang='lat' dir='ltr'>postea</span> <span class='ocrx_word' id='word_1_32' title='bbox 417 895 712 976; x_wconf 87' lang='lat' dir='ltr'>demonstrabimus,</span> <span class='ocrx_word' id='word_1_33' title='bbox 747 914 846 978; x_wconf 86' lang='lat' dir='ltr'>neque</span> <span class='ocrx_word' id='word_1_34' title='bbox 880 896 908 961; x_wconf 88' lang='lat' dir='ltr'>ei</span> <span class='ocrx_word' id='word_1_35' title='bbox 937 897 1081 978; x_wconf 86' lang='lat' dir='ltr'>cognitus</span> <span class='ocrx_word' id='word_1_36' title='bbox 1111 898 1177 963; x_wconf 88' lang='lat' dir='ltr'>erat</span> <span class='ocrx_word' id='word_1_37' title='bbox 1204 898 1298 962; x_wconf 83' lang='lat' dir='ltr'>codex</span> 
     </span>
     <span class='ocr_line' id='line_1_6' title="bbox 113 998 1297 1083; baseline 0.004 -23"><span class='ocrx_word' id='word_1_38' title='bbox 113 998 262 1074; x_wconf 88' lang='lat' dir='ltr'>omnium,</span> <span class='ocrx_word' id='word_1_39' title='bbox 286 998 339 1080; x_wconf 89' lang='lat' dir='ltr'>qui</span> <span class='ocrx_word' id='word_1_40' title='bbox 362 999 493 1077; x_wconf 74' lang='lat' dir='ltr'>exstant,</span> <span class='ocrx_word' id='word_1_41' title='bbox 517 999 748 1064; x_wconf 82' lang='lat' dir='ltr'>uetustissimus</span> <span class='ocrx_word' id='word_1_42' title='bbox 782 999 814 1064; x_wconf 90' lang='grc'>61</span> <span class='ocrx_word' id='word_1_43' title='bbox 836 998 972 1081; x_wconf 89' lang='lat' dir='ltr'>optimus</span> <span class='ocrx_word' id='word_1_44' title='bbox 994 999 1181 1078; x_wconf 87' lang='lat' dir='ltr'>Marcianus,</span> <span class='ocrx_word' id='word_1_45' title='bbox 1205 1021 1297 1083; x_wconf 85' lang='lat' dir='ltr'>quern</span> 
     </span>
    </p>

    <p class='ocr_par' dir='ltr' id='par_1_3' title="bbox 10 1084 1296 1289">
     <span class='ocr_line' id='line_1_7' title="bbox 10 1084 1296 1189; baseline 0.004 -25"><span class='ocrx_word' id='word_1_46' title='bbox 10 1084 58 1189; x_wconf 31' lang='grc' dir='ltr'>ᾗ,</span> <span class='ocrx_word' id='word_1_47' title='bbox 114 1102 141 1164; x_wconf 89' lang='grc'>61</span> <span class='ocrx_word' id='word_1_48' title='bbox 158 1101 305 1184; x_wconf 73' lang='lat' dir='ltr'>nevisset,</span> <span class='ocrx_word' id='word_1_49' title='bbox 331 1104 413 1167; x_wconf 90' lang='grc'><strong>66616</strong></span> <span class='ocrx_word' id='word_1_50' title='bbox 436 1119 496 1166; x_wconf 90' lang='grc'><strong>11611</strong></span> <span class='ocrx_word' id='word_1_51' title='bbox 512 1101 646 1166; x_wconf 77' lang='lat' dir='ltr'>fudisset</span> <span class='ocrx_word' id='word_1_52' title='bbox 667 1101 747 1167; x_wconf 90' lang='lat' dir='ltr'>miro</span> <span class='ocrx_word' id='word_1_53' title='bbox 770 1103 922 1167; x_wconf 85' lang='lat' dir='ltr'>acuminis</span> <span class='ocrx_word' id='word_1_54' title='bbox 938 1103 1035 1168; x_wconf 87' lang='lat' dir='ltr'>abusu</span> <span class='ocrx_word' id='word_1_55' title='bbox 1051 1104 1296 1170; x_wconf 91' lang='lat' dir='ltr'>innumerabiles</span> 
     </span>
     <span class='ocr_line' id='line_1_8' title="bbox 112 1204 1296 1289; baseline 0.005 -20.455"><span class='ocrx_word' id='word_1_56' title='bbox 112 1204 182 1268; x_wconf 91' lang='lat' dir='ltr'>illas</span> <span class='ocrx_word' id='word_1_57' title='bbox 206 1223 337 1286; x_wconf 89' lang='lat' dir='ltr'>quarum</span> <span class='ocrx_word' id='word_1_58' title='bbox 360 1209 522 1287; x_wconf 84' lang='lat' dir='ltr'>tamquam</span> <span class='ocrx_word' id='word_1_59' title='bbox 544 1206 625 1269; x_wconf 90' lang='lat' dir='ltr'>nube</span> <span class='ocrx_word' id='word_1_60' title='bbox 647 1206 785 1289; x_wconf 86' lang='lat' dir='ltr'>oppleuit</span> <span class='ocrx_word' id='word_1_61' title='bbox 813 1205 897 1271; x_wconf 92' lang='lat' dir='ltr'>hunc</span> <span class='ocrx_word' id='word_1_62' title='bbox 919 1207 1064 1271; x_wconf 89' lang='lat' dir='ltr'>libellum</span> <span class='ocrx_word' id='word_1_63' title='bbox 1089 1207 1296 1276; x_wconf 86' lang='lat' dir='ltr'>coniecturas.</span> 
     </span>
    </p>
   </div>
   <div class='ocr_carea' id='block_1_3' title="bbox 113 1307 1297 1598">
    <p class='ocr_par' dir='ltr' id='par_1_4' title="bbox 113 1307 1297 1598">
     <span class='ocr_line' id='line_1_9' title="bbox 114 1307 1296 1391; baseline 0.005 -20"><span class='ocrx_word' id='word_1_64' title='bbox 114 1310 206 1389; x_wconf 85' lang='lat' dir='ltr'>atque</span> <span class='ocrx_word' id='word_1_65' title='bbox 227 1307 303 1373; x_wconf 87' lang='lat' dir='ltr'>haec</span> <span class='ocrx_word' id='word_1_66' title='bbox 325 1308 449 1389; x_wconf 87' lang='lat' dir='ltr'>quidem</span> <span class='ocrx_word' id='word_1_67' title='bbox 466 1309 502 1372; x_wconf 92' lang='lat' dir='ltr'>de</span> <span class='ocrx_word' id='word_1_68' title='bbox 518 1311 679 1389; x_wconf 86' lang='lat' dir='ltr'>apparatu,</span> <span class='ocrx_word' id='word_1_69' title='bbox 698 1328 715 1373; x_wconf 90' lang='grc'>6</span> <span class='ocrx_word' id='word_1_70' title='bbox 729 1327 789 1390; x_wconf 90' lang='lat' dir='ltr'>quo</span> <span class='ocrx_word' id='word_1_71' title='bbox 805 1310 963 1391; x_wconf 89' lang='lat' dir='ltr'>hucusque</span> <span class='ocrx_word' id='word_1_72' title='bbox 980 1309 1069 1374; x_wconf 91' lang='lat' dir='ltr'>crisis</span> <span class='ocrx_word' id='word_1_73' title='bbox 1085 1309 1177 1374; x_wconf 90' lang='lat' dir='ltr'>huius</span> <span class='ocrx_word' id='word_1_74' title='bbox 1194 1311 1296 1377; x_wconf 91' lang='lat' dir='ltr'>libelli</span> 
     </span>
     <span class='ocr_line' id='line_1_10' title="bbox 113 1409 1297 1497; baseline 0.008 -25"><span class='ocrx_word' id='word_1_75' title='bbox 113 1409 279 1492; x_wconf 89' lang='lat' dir='ltr'>pendebat;</span> <span class='ocrx_word' id='word_1_76' title='bbox 296 1429 370 1476; x_wconf 91' lang='lat' dir='ltr'>nam</span> <span class='ocrx_word' id='word_1_77' title='bbox 382 1411 435 1477; x_wconf 91' lang='lat' dir='ltr'>ubi</span> <span class='ocrx_word' id='word_1_78' title='bbox 448 1411 486 1475; x_wconf 95' lang='lat' dir='ltr'>de</span> <span class='ocrx_word' id='word_1_79' title='bbox 501 1410 596 1476; x_wconf 91' lang='lat' dir='ltr'>crisi</span> <span class='ocrx_word' id='word_1_80' title='bbox 612 1411 766 1476; x_wconf 87' lang='lat' dir='ltr'>Ouidiana</span> <span class='ocrx_word' id='word_1_81' title='bbox 778 1414 890 1496; x_wconf 81' lang='lat' dir='ltr'>agitur,</span> <span class='ocrx_word' id='word_1_82' title='bbox 903 1413 986 1477; x_wconf 88' lang='lat' dir='ltr'>ultra</span> <span class='ocrx_word' id='word_1_83' title='bbox 997 1412 1161 1477; x_wconf 88' lang='lat' dir='ltr'>Heinsium</span> <span class='ocrx_word' id='word_1_84' title='bbox 1173 1417 1297 1497; x_wconf 81' lang='lat' dir='ltr'>regredi</span> 
     </span>
     <span class='ocr_line' id='line_1_11' title="bbox 113 1514 1296 1598; baseline 0.003 -20"><span class='ocrx_word' id='word_1_85' title='bbox 113 1514 164 1578; x_wconf 83' lang='lat' dir='ltr'>uix</span> <span class='ocrx_word' id='word_1_86' title='bbox 194 1533 269 1596; x_wconf 90' lang='lat' dir='ltr'>opus</span> <span class='ocrx_word' id='word_1_87' title='bbox 300 1519 364 1591; x_wconf 81' lang='lat' dir='ltr'>est3</span> <span class='ocrx_word' id='word_1_88' title='bbox 398 1515 436 1580; x_wconf 95' lang='lat' dir='ltr'>de</span> <span class='ocrx_word' id='word_1_89' title='bbox 465 1515 656 1581; x_wconf 82' lang='lat' dir='ltr'>editionibus</span> <span class='ocrx_word' id='word_1_90' title='bbox 682 1517 798 1581; x_wconf 89' lang='lat' dir='ltr'>saeculi</span> <span class='ocrx_word' id='word_1_91' title='bbox 827 1517 898 1582; x_wconf 90' lang='lat' dir='ltr'>XV.</span> <span class='ocrx_word' id='word_1_92' title='bbox 921 1521 1028 1598; x_wconf 90' lang='lat' dir='ltr'>postea</span> <span class='ocrx_word' id='word_1_93' title='bbox 1057 1515 1296 1598; x_wconf 79' lang='lat' dir='ltr'>disputabimus.</span> 
     </span>
    </p>
   </div>
   <div class='ocr_carea' id='block_1_4' title="bbox 110 1635 1349 3271">
    <p class='ocr_par' dir='ltr' id='par_1_5' title="bbox 110 1635 1349 3271">
     <span class='ocr_line' id='line_1_12' title="bbox 215 1635 1349 1704; baseline -0.001 -4"><span class='ocrx_word' id='word_1_94' title='bbox 215 1637 282 1700; x_wconf 91' lang='lat' dir='ltr'>Iam</span> <span class='ocrx_word' id='word_1_95' title='bbox 311 1638 337 1702; x_wconf 89' lang='lat' dir='ltr'>si</span> <span class='ocrx_word' id='word_1_96' title='bbox 360 1639 393 1700; x_wconf 93' lang='lat' dir='ltr'>in</span> <span class='ocrx_word' id='word_1_97' title='bbox 417 1637 472 1702; x_wconf 91' lang='grc'><strong>1136</strong></span> <span class='ocrx_word' id='word_1_98' title='bbox 495 1656 600 1702; x_wconf 87' lang='grc'><strong>66111111</strong></span> <span class='ocrx_word' id='word_1_99' title='bbox 618 1638 797 1703; x_wconf 85' lang='grc'><strong>6661161666</strong></span> <span class='ocrx_word' id='word_1_100' title='bbox 820 1656 901 1704; x_wconf 87' lang='grc'><strong>11663</strong></span> <span class='ocrx_word' id='word_1_101' title='bbox 924 1639 1027 1703; x_wconf 83' lang='lat' dir='ltr'>textus</span> <span class='ocrx_word' id='word_1_102' title='bbox 1049 1635 1188 1703; x_wconf 87' lang='lat' dir='ltr'>recensio</span> <span class='ocrx_word' id='word_1_103' title='bbox 1206 1637 1296 1703; x_wconf 90' lang='lat' dir='ltr'>ualde</span> <span class='ocrx_word' id='word_1_104' title='bbox 1343 1676 1349 1699; x_wconf 82' lang='lat'>.</span> 
     </span>
     <span class='ocr_line' id='line_1_13' title="bbox 113 1740 1296 1823; baseline 0.001 -21"><span class='ocrx_word' id='word_1_105' title='bbox 113 1741 160 1803; x_wconf 90' lang='lat' dir='ltr'>est</span> <span class='ocrx_word' id='word_1_106' title='bbox 182 1742 363 1823; x_wconf 80' lang='lat' dir='ltr'>expetenda,</span> <span class='ocrx_word' id='word_1_107' title='bbox 397 1742 536 1822; x_wconf 83' lang='lat' dir='ltr'>quaestio</span> <span class='ocrx_word' id='word_1_108' title='bbox 566 1741 649 1805; x_wconf 88' lang='lat' dir='ltr'>haud</span> <span class='ocrx_word' id='word_1_109' title='bbox 677 1742 780 1806; x_wconf 90' lang='lat' dir='ltr'>minus</span> <span class='ocrx_word' id='word_1_110' title='bbox 808 1741 982 1806; x_wconf 86' lang='lat' dir='ltr'>necessaria</span> <span class='ocrx_word' id='word_1_111' title='bbox 1004 1740 1080 1805; x_wconf 89' lang='grc'><strong>11366</strong></span> <span class='ocrx_word' id='word_1_112' title='bbox 1103 1746 1165 1819; x_wconf 86' lang='grc'><strong>661,</strong></span> <span class='ocrx_word' id='word_1_113' title='bbox 1189 1744 1296 1806; x_wconf 91' lang='lat' dir='ltr'>utrum</span> 
     </span>
     <span class='ocr_line' id='line_1_14' title="bbox 112 1841 1294 1928; baseline 0.003 -23"><span class='ocrx_word' id='word_1_114' title='bbox 112 1841 250 1926; x_wconf 83' lang='lat' dir='ltr'>libellus,</span> <span class='ocrx_word' id='word_1_115' title='bbox 284 1862 378 1925; x_wconf 91' lang='lat' dir='ltr'>quem</span> <span class='ocrx_word' id='word_1_116' title='bbox 400 1849 589 1921; x_wconf 82' lang='lat' dir='ltr'>tractamus,</span> <span class='ocrx_word' id='word_1_117' title='bbox 624 1846 767 1926; x_wconf 88' lang='lat' dir='ltr'>quamuis</span> <span class='ocrx_word' id='word_1_118' title='bbox 796 1844 928 1909; x_wconf 87' lang='lat' dir='ltr'>mutilus</span> <span class='ocrx_word' id='word_1_119' title='bbox 958 1845 997 1909; x_wconf 87' lang='lat' dir='ltr'>ad</span> <span class='ocrx_word' id='word_1_120' title='bbox 1024 1863 1079 1909; x_wconf 88' lang='lat' dir='ltr'>nos</span> <span class='ocrx_word' id='word_1_121' title='bbox 1109 1846 1294 1928; x_wconf 90' lang='lat' dir='ltr'>peruenerit,</span> 
     </span>
     <span class='ocr_line' id='line_1_15' title="bbox 113 1943 1295 2028; baseline 0.003 -19"><span class='ocrx_word' id='word_1_122' title='bbox 113 1943 217 2009; x_wconf 88' lang='lat' dir='ltr'>Ouidii</span> <span class='ocrx_word' id='word_1_123' title='bbox 241 1946 283 2010; x_wconf 89' lang='lat' dir='ltr'>sit</span> <span class='ocrx_word' id='word_1_124' title='bbox 306 1965 410 2011; x_wconf 87' lang='lat' dir='ltr'>necne.</span> <span class='ocrx_word' id='word_1_125' title='bbox 432 1966 506 2011; x_wconf 88' lang='lat' dir='ltr'>nam</span> <span class='ocrx_word' id='word_1_126' title='bbox 529 1946 622 2011; x_wconf 89' lang='lat' dir='ltr'>etde</span> <span class='ocrx_word' id='word_1_127' title='bbox 645 1947 705 2010; x_wconf 90' lang='lat' dir='ltr'>hac</span> <span class='ocrx_word' id='word_1_128' title='bbox 727 1965 760 2011; x_wconf 89' lang='lat' dir='ltr'>re</span> <span class='ocrx_word' id='word_1_129' title='bbox 782 1946 861 2011; x_wconf 88' lang='lat' dir='ltr'>nihil</span> <span class='ocrx_word' id='word_1_130' title='bbox 886 1947 964 2011; x_wconf 87' lang='lat' dir='ltr'>certi</span> <span class='ocrx_word' id='word_1_131' title='bbox 980 1949 1104 2011; x_wconf 89' lang='lat' dir='ltr'>omnino</span> <span class='ocrx_word' id='word_1_132' title='bbox 1128 1950 1249 2011; x_wconf 89' lang='lat' dir='ltr'>constat</span> <span class='ocrx_word' id='word_1_133' title='bbox 1270 1948 1295 2028; x_wconf 89' lang='lat'>).</span> 
     </span>
     <span class='ocr_line' id='line_1_16' title="bbox 112 2047 1296 2133; baseline 0.001 -21"><span class='ocrx_word' id='word_1_134' title='bbox 112 2066 184 2112; x_wconf 88' lang='lat' dir='ltr'>cum</span> <span class='ocrx_word' id='word_1_135' title='bbox 207 2051 289 2114; x_wconf 91' lang='lat' dir='ltr'>enim</span> <span class='ocrx_word' id='word_1_136' title='bbox 311 2051 374 2113; x_wconf 90' lang='lat' dir='ltr'>iam</span> <span class='ocrx_word' id='word_1_137' title='bbox 397 2067 475 2115; x_wconf 84' lang='lat' dir='ltr'>saec.</span> <span class='ocrx_word' id='word_1_138' title='bbox 498 2050 567 2115; x_wconf 89' lang='lat' dir='ltr'>XV.</span> <span class='ocrx_word' id='word_1_139' title='bbox 590 2050 691 2115; x_wconf 88' lang='lat' dir='ltr'>Lilius</span> <span class='ocrx_word' id='word_1_140' title='bbox 714 2047 880 2133; x_wconf 78' lang='lat' dir='ltr'>Gregorius</span> <span class='ocrx_word' id='word_1_141' title='bbox 897 2047 1061 2132; x_wconf 79' lang='lat' dir='ltr'>Gyraldns,</span> <span class='ocrx_word' id='word_1_142' title='bbox 1085 2053 1137 2132; x_wconf 88' lang='lat' dir='ltr'>qui</span> <span class='ocrx_word' id='word_1_143' title='bbox 1160 2053 1192 2114; x_wconf 93' lang='lat' dir='ltr'>in</span> <span class='ocrx_word' id='word_1_144' title='bbox 1215 2050 1296 2115; x_wconf 89' lang='lat' dir='ltr'>libro</span> 
     </span>
     <span class='ocr_line' id='line_1_17' title="bbox 112 2151 1295 2237; baseline 0.003 -23"><span class='ocrx_word' id='word_1_145' title='bbox 112 2151 168 2217; x_wconf 88' lang='lat' dir='ltr'>IV.</span> <span class='ocrx_word' id='word_1_146' title='bbox 192 2155 228 2217; x_wconf 91' lang='lat' dir='ltr'>de</span> <span class='ocrx_word' id='word_1_147' title='bbox 250 2155 330 2235; x_wconf 91' lang='lat' dir='ltr'>poet.</span> <span class='ocrx_word' id='word_1_148' title='bbox 354 2154 428 2220; x_wconf 85' lang='lat' dir='ltr'>hist.</span> <span class='ocrx_word' id='word_1_149' title='bbox 453 2155 621 2235; x_wconf 90' lang='lat' dir='ltr'>epistulam</span> <span class='ocrx_word' id='word_1_150' title='bbox 643 2153 801 2236; x_wconf 84' lang='lat' dir='ltr'>Sapphus,</span> <span class='ocrx_word' id='word_1_151' title='bbox 826 2155 1069 2218; x_wconf 79' lang='lat' dir='ltr'>consolationem</span> <span class='ocrx_word' id='word_1_152' title='bbox 1096 2154 1135 2219; x_wconf 92' lang='lat' dir='ltr'>ad</span> <span class='ocrx_word' id='word_1_153' title='bbox 1162 2154 1295 2237; x_wconf 86' lang='lat' dir='ltr'>Liuiam,</span> 
     </span>
     <span class='ocr_line' id='line_1_18' title="bbox 113 2240 1296 2342; baseline 0.001 -22"><span class='ocrx_word' id='word_1_154' title='bbox 113 2258 150 2321; x_wconf 92' lang='grc'>16</span> <span class='ocrx_word' id='word_1_155' title='bbox 179 2277 257 2322; x_wconf 90' lang='lat' dir='ltr'>nuce</span> <span class='ocrx_word' id='word_1_156' title='bbox 282 2260 414 2342; x_wconf 84' lang='lat' dir='ltr'>elegiam</span> <span class='ocrx_word' id='word_1_157' title='bbox 437 2257 547 2323; x_wconf 83' lang='lat' dir='ltr'>Ouidio</span> <span class='ocrx_word' id='word_1_158' title='bbox 581 2240 750 2323; x_wconf 85' lang='lat' dir='ltr'>attribuere</span> <span class='ocrx_word' id='word_1_159' title='bbox 784 2275 844 2321; x_wconf 89' lang='lat' dir='ltr'>non</span> <span class='ocrx_word' id='word_1_160' title='bbox 882 2257 1048 2334; x_wconf 88' lang='lat' dir='ltr'>dubitauit,</span> <span class='ocrx_word' id='word_1_161' title='bbox 1084 2257 1230 2322; x_wconf 92' lang='lat' dir='ltr'>libellum</span> <span class='ocrx_word' id='word_1_162' title='bbox 1258 2258 1296 2321; x_wconf 90' lang='lat' dir='ltr'>ds</span> 
     </span>
     <span class='ocr_line' id='line_1_19' title="bbox 112 2360 1297 2443; baseline 0.001 -19"><span class='ocrx_word' id='word_1_163' title='bbox 112 2361 319 2425; x_wconf 88' lang='lat' dir='ltr'>medicamine</span> <span class='ocrx_word' id='word_1_164' title='bbox 348 2361 439 2426; x_wconf 89' lang='lat' dir='ltr'>faciei</span> <span class='ocrx_word' id='word_1_165' title='bbox 461 2365 494 2427; x_wconf 92' lang='lat' dir='ltr'>in</span> <span class='ocrx_word' id='word_1_166' title='bbox 510 2381 639 2426; x_wconf 90' lang='lat' dir='ltr'>nurnero</span> <span class='ocrx_word' id='word_1_167' title='bbox 663 2363 835 2426; x_wconf 89' lang='lat' dir='ltr'>carminum</span> <span class='ocrx_word' id='word_1_168' title='bbox 865 2360 1137 2442; x_wconf 91' lang='lat' dir='ltr'>subpositiciorum</span> <span class='ocrx_word' id='word_1_169' title='bbox 1160 2361 1297 2443; x_wconf 89' lang='lat' dir='ltr'>posuerit</span> 
     </span>
     <span class='ocr_line' id='line_1_20' title="bbox 112 2463 1295 2547; baseline 0.002 -21"><span class='ocrx_word' id='word_1_170' title='bbox 112 2482 173 2527; x_wconf 89' lang='lat' dir='ltr'>nna</span> <span class='ocrx_word' id='word_1_171' title='bbox 195 2483 267 2529; x_wconf 92' lang='lat' dir='ltr'>cum</span> <span class='ocrx_word' id='word_1_172' title='bbox 288 2465 369 2543; x_wconf 88' lang='grc'><strong>11116,</strong></span> <span class='ocrx_word' id='word_1_173' title='bbox 405 2466 442 2528; x_wconf 92' lang='grc'>16</span> <span class='ocrx_word' id='word_1_174' title='bbox 465 2465 585 2543; x_wconf 89' lang='lat' dir='ltr'>uetula,</span> <span class='ocrx_word' id='word_1_175' title='bbox 621 2465 657 2528; x_wconf 93' lang='lat' dir='ltr'>de</span> <span class='ocrx_word' id='word_1_176' title='bbox 680 2465 799 2546; x_wconf 90' lang='lat' dir='ltr'>pulice,</span> <span class='ocrx_word' id='word_1_177' title='bbox 830 2468 867 2530; x_wconf 91' lang='lat' dir='ltr'>de</span> <span class='ocrx_word' id='word_1_178' title='bbox 889 2464 1077 2547; x_wconf 90' lang='lat' dir='ltr'>philomela:</span> <span class='ocrx_word' id='word_1_179' title='bbox 1107 2463 1295 2528; x_wconf 89' lang='lat' dir='ltr'>nouissimus</span> 
     </span>
     <span class='ocr_line' id='line_1_21' title="bbox 112 2562 1320 2650; baseline 0.001 -20"><span class='ocrx_word' id='word_1_180' title='bbox 112 2565 216 2631; x_wconf 93' lang='lat' dir='ltr'>Ouidii</span> <span class='ocrx_word' id='word_1_181' title='bbox 241 2567 340 2632; x_wconf 91' lang='lat' dir='ltr'>editor</span> <span class='ocrx_word' id='word_1_182' title='bbox 362 2570 399 2631; x_wconf 89' lang='lat' dir='ltr'>A.</span> <span class='ocrx_word' id='word_1_183' title='bbox 424 2568 515 2632; x_wconf 87' lang='lat' dir='ltr'>Riese</span> <span class='ocrx_word' id='word_1_184' title='bbox 537 2568 701 2648; x_wconf 89' lang='lat' dir='ltr'>profitetur</span> <span class='ocrx_word' id='word_1_185' title='bbox 732 2567 768 2650; x_wconf 90' lang='lat' dir='ltr'>(t.</span> <span class='ocrx_word' id='word_1_186' title='bbox 793 2567 817 2631; x_wconf 94' lang='grc' dir='ltr'>Ι.</span> <span class='ocrx_word' id='word_1_187' title='bbox 840 2567 937 2650; x_wconf 90' lang='lat' dir='ltr'>praef.</span> <span class='ocrx_word' id='word_1_188' title='bbox 960 2587 990 2649; x_wconf 93' lang='lat' dir='ltr'>p.</span> <span class='ocrx_word' id='word_1_189' title='bbox 1014 2566 1077 2646; x_wconf 87' lang='lat' dir='ltr'>XI)</span> <span class='ocrx_word' id='word_1_190' title='bbox 1101 2584 1144 2643; x_wconf 88' lang='grc'>66,</span> <span class='ocrx_word' id='word_1_191' title='bbox 1169 2569 1195 2630; x_wconf 90' lang='grc'>61</span> <span class='ocrx_word' id='word_1_192' title='bbox 1222 2566 1295 2631; x_wconf 90' lang='lat' dir='ltr'>libri</span> <span class='ocrx_word' id='word_1_193' title='bbox 1317 2562 1320 2575; x_wconf 86' lang='lat'>&#39;</span> 
     </span>
     <span class='ocr_line' id='line_1_22' title="bbox 112 2669 1296 2752; baseline 0.002 -20"><span class='ocrx_word' id='word_1_194' title='bbox 112 2688 184 2735; x_wconf 89' lang='lat' dir='ltr'>mss.</span> <span class='ocrx_word' id='word_1_195' title='bbox 209 2671 342 2735; x_wconf 89' lang='grc'><strong>16613666</strong></span> <span class='ocrx_word' id='word_1_196' title='bbox 358 2672 552 2752; x_wconf 88' lang='lat' dir='ltr'>poematium</span> <span class='ocrx_word' id='word_1_197' title='bbox 568 2671 655 2734; x_wconf 91' lang='lat' dir='ltr'>istud</span> <span class='ocrx_word' id='word_1_198' title='bbox 671 2669 781 2735; x_wconf 91' lang='lat' dir='ltr'>Ouidio</span> <span class='ocrx_word' id='word_1_199' title='bbox 797 2688 859 2733; x_wconf 92' lang='lat' dir='ltr'>non</span> <span class='ocrx_word' id='word_1_200' title='bbox 875 2670 1018 2733; x_wconf 89' lang='lat' dir='ltr'>tribuant</span> <span class='ocrx_word' id='word_1_201' title='bbox 1032 2704 1074 2713; x_wconf 95' lang='lat'>—</span> <span class='ocrx_word' id='word_1_202' title='bbox 1090 2687 1188 2750; x_wconf 89' lang='lat' dir='ltr'>nequo</span> <span class='ocrx_word' id='word_1_203' title='bbox 1212 2669 1296 2734; x_wconf 90' lang='lat' dir='ltr'>onim</span> 
     </span>
     <span class='ocr_line' id='line_1_23' title="bbox 113 2771 1298 2856; baseline -0.001 -20"><span class='ocrx_word' id='word_1_204' title='bbox 113 2773 276 2856; x_wconf 89' lang='lat' dir='ltr'>quicquam</span> <span class='ocrx_word' id='word_1_205' title='bbox 300 2775 338 2838; x_wconf 90' lang='lat' dir='ltr'>de</span> <span class='ocrx_word' id='word_1_206' title='bbox 361 2775 419 2838; x_wconf 89' lang='lat' dir='ltr'>hac</span> <span class='ocrx_word' id='word_1_207' title='bbox 441 2794 474 2838; x_wconf 88' lang='lat' dir='ltr'>re</span> <span class='ocrx_word' id='word_1_208' title='bbox 496 2772 633 2837; x_wconf 90' lang='lat' dir='ltr'>habebat</span> <span class='ocrx_word' id='word_1_209' title='bbox 655 2774 816 2854; x_wconf 84' lang='lat' dir='ltr'>cognitum</span> <span class='ocrx_word' id='word_1_210' title='bbox 835 2809 884 2850; x_wconf 84' lang='lat'>-‚</span> <span class='ocrx_word' id='word_1_211' title='bbox 908 2788 968 2836; x_wconf 92' lang='lat' dir='ltr'>uon</span> <span class='ocrx_word' id='word_1_212' title='bbox 991 2771 1145 2849; x_wconf 85' lang='lat' dir='ltr'>dubitare,</span> <span class='ocrx_word' id='word_1_213' title='bbox 1170 2771 1245 2853; x_wconf 89' lang='lat' dir='ltr'>quin</span> <span class='ocrx_word' id='word_1_214' title='bbox 1260 2773 1298 2835; x_wconf 92' lang='lat' dir='ltr'>ut</span> 
     </span>
     <span class='ocr_line' id='line_1_24' title="bbox 112 2875 1294 2960; baseline -0.003 -18"><span class='ocrx_word' id='word_1_215' title='bbox 112 2877 250 2942; x_wconf 91' lang='lat' dir='ltr'>ieiunum</span> <span class='ocrx_word' id='word_1_216' title='bbox 273 2880 365 2960; x_wconf 88' lang='lat' dir='ltr'>atque</span> <span class='ocrx_word' id='word_1_217' title='bbox 394 2877 501 2942; x_wconf 89' lang='lat' dir='ltr'>sterile</span> <span class='ocrx_word' id='word_1_218' title='bbox 524 2875 633 2941; x_wconf 84' lang='lat' dir='ltr'>Ouidio</span> <span class='ocrx_word' id='word_1_219' title='bbox 664 2876 705 2940; x_wconf 89' lang='lat' dir='ltr'>sit</span> <span class='ocrx_word' id='word_1_220' title='bbox 735 2875 975 2941; x_wconf 90' lang='lat' dir='ltr'>abiudicandum</span> <span class='ocrx_word' id='word_1_221' title='bbox 999 2877 1029 2938; x_wconf 91' lang='lat' dir='ltr'>et</span> <span class='ocrx_word' id='word_1_222' title='bbox 1057 2881 1167 2956; x_wconf 89' lang='lat' dir='ltr'>poetae</span> <span class='ocrx_word' id='word_1_223' title='bbox 1199 2875 1294 2940; x_wconf 91' lang='lat' dir='ltr'>alicui</span> 
     </span>
     <span class='ocr_line' id='line_1_25' title="bbox 112 2979 1296 3061; baseline -0.003 -16"><span class='ocrx_word' id='word_1_224' title='bbox 112 2980 264 3047; x_wconf 88' lang='lat' dir='ltr'>Ouidiano</span> <span class='ocrx_word' id='word_1_225' title='bbox 286 2980 499 3045; x_wconf 88' lang='lat' dir='ltr'>tribuendum.</span> <span class='ocrx_word' id='word_1_226' title='bbox 523 2985 631 3045; x_wconf 89' lang='lat' dir='ltr'>contra</span> <span class='ocrx_word' id='word_1_227' title='bbox 654 2979 710 3044; x_wconf 93' lang='lat' dir='ltr'>alii</span> <span class='ocrx_word' id='word_1_228' title='bbox 724 2979 814 3044; x_wconf 89' lang='lat' dir='ltr'>aliter</span> <span class='ocrx_word' id='word_1_229' title='bbox 837 2982 1008 3060; x_wconf 88' lang='lat' dir='ltr'>senserunt,</span> <span class='ocrx_word' id='word_1_230' title='bbox 1033 2979 1093 3043; x_wconf 89' lang='lat' dir='ltr'>etsi</span> <span class='ocrx_word' id='word_1_231' title='bbox 1115 2979 1241 3061; x_wconf 90' lang='lat' dir='ltr'>plenam</span> <span class='ocrx_word' id='word_1_232' title='bbox 1264 2983 1296 3042; x_wconf 92' lang='lat' dir='ltr'>et</span> 
     </span>
     <span class='ocr_line' id='line_1_26' title="bbox 111 3082 1329 3168; baseline -0.002 -20"><span class='ocrx_word' id='word_1_233' title='bbox 111 3085 279 3166; x_wconf 87' lang='lat' dir='ltr'>perfectam</span> <span class='ocrx_word' id='word_1_234' title='bbox 304 3087 607 3168; x_wconf 82' lang='lat' dir='ltr'>argumentationem</span> <span class='ocrx_word' id='word_1_235' title='bbox 630 3102 783 3166; x_wconf 89' lang='lat' dir='ltr'>nusquam</span> <span class='ocrx_word' id='word_1_236' title='bbox 809 3083 949 3148; x_wconf 89' lang='lat' dir='ltr'>inuenire</span> <span class='ocrx_word' id='word_1_237' title='bbox 972 3082 1114 3166; x_wconf 83' lang='lat' dir='ltr'>contigit.</span> <span class='ocrx_word' id='word_1_238' title='bbox 1154 3085 1184 3147; x_wconf 89' lang='lat' dir='ltr'>et</span> <span class='ocrx_word' id='word_1_239' title='bbox 1218 3082 1296 3147; x_wconf 89' lang='lat' dir='ltr'>hanc</span> <span class='ocrx_word' id='word_1_240' title='bbox 1325 3146 1329 3153; x_wconf 82' lang='grc'><strong>,</strong></span> 
     </span>
     <span class='ocr_line' id='line_1_27' title="bbox 110 3186 1296 3271; baseline -0.006 -18"><span class='ocrx_word' id='word_1_241' title='bbox 110 3189 210 3270; x_wconf 83' lang='lat' dir='ltr'>igitur</span> <span class='ocrx_word' id='word_1_242' title='bbox 232 3189 444 3271; x_wconf 86' lang='lat' dir='ltr'>quaestionem</span> <span class='ocrx_word' id='word_1_243' title='bbox 474 3188 618 3271; x_wconf 90' lang='lat' dir='ltr'>equidem</span> <span class='ocrx_word' id='word_1_244' title='bbox 648 3207 704 3269; x_wconf 89' lang='lat' dir='ltr'>pro</span> <span class='ocrx_word' id='word_1_245' title='bbox 729 3187 845 3253; x_wconf 90' lang='lat' dir='ltr'>uiribus</span> <span class='ocrx_word' id='word_1_246' title='bbox 879 3186 959 3251; x_wconf 90' lang='lat' dir='ltr'>meis</span> <span class='ocrx_word' id='word_1_247' title='bbox 986 3186 1128 3268; x_wconf 82' lang='lat' dir='ltr'>expedire</span> <span class='ocrx_word' id='word_1_248' title='bbox 1152 3189 1296 3252; x_wconf 88' lang='lat' dir='ltr'>conabor.</span> 
     </span>
    </p>
   </div>
   <div class='ocr_carea' id='block_1_5' title="bbox 110 3289 1358 3910">
    <p class='ocr_par' dir='ltr' id='par_1_6' title="bbox 110 3289 1358 3910">
     <span class='ocr_line' id='line_1_28' title="bbox 214 3289 1317 3417; baseline 0 -43"><span class='ocrx_word' id='word_1_249' title='bbox 214 3308 272 3374; x_wconf 85' lang='lat' dir='ltr'>Sed</span> <span class='ocrx_word' id='word_1_250' title='bbox 296 3311 332 3373; x_wconf 91' lang='lat' dir='ltr'>ut</span> <span class='ocrx_word' id='word_1_251' title='bbox 355 3310 419 3373; x_wconf 91' lang='lat' dir='ltr'>iam</span> <span class='ocrx_word' id='word_1_252' title='bbox 441 3310 603 3392; x_wconf 86' lang='lat' dir='ltr'>praefandi</span> <span class='ocrx_word' id='word_1_253' title='bbox 633 3309 728 3372; x_wconf 87' lang='lat' dir='ltr'>finem</span> <span class='ocrx_word' id='word_1_254' title='bbox 750 3308 874 3386; x_wconf 84' lang='lat' dir='ltr'>faciam,</span> <span class='ocrx_word' id='word_1_255' title='bbox 908 3307 960 3371; x_wconf 89' lang='lat' dir='ltr'>uia</span> <span class='ocrx_word' id='word_1_256' title='bbox 992 3307 1199 3389; x_wconf 76' lang='grc'><strong>3166613116,</strong></span> <span class='ocrx_word' id='word_1_257' title='bbox 1235 3289 1317 3417; x_wconf 56' lang='lat' dir='ltr'>quasl</span> 
     </span>
     <span class='ocr_line' id='line_1_29' title="bbox 111 3411 1358 3494; baseline 0.004 -20"><span class='ocrx_word' id='word_1_258' title='bbox 111 3411 190 3475; x_wconf 90' lang='lat' dir='ltr'>mihi</span> <span class='ocrx_word' id='word_1_259' title='bbox 213 3413 441 3493; x_wconf 89' lang='lat' dir='ltr'>procedendum</span> <span class='ocrx_word' id='word_1_260' title='bbox 475 3432 541 3477; x_wconf 91' lang='lat' dir='ltr'>esse</span> <span class='ocrx_word' id='word_1_261' title='bbox 575 3412 694 3494; x_wconf 90' lang='lat' dir='ltr'>putaui,</span> <span class='ocrx_word' id='word_1_262' title='bbox 731 3431 766 3476; x_wconf 89' lang='lat' dir='ltr'>ea</span> <span class='ocrx_word' id='word_1_263' title='bbox 793 3412 863 3487; x_wconf 87' lang='lat' dir='ltr'>erit,</span> <span class='ocrx_word' id='word_1_264' title='bbox 898 3413 934 3474; x_wconf 93' lang='lat' dir='ltr'>ut</span> <span class='ocrx_word' id='word_1_265' title='bbox 966 3412 1066 3492; x_wconf 89' lang='lat' dir='ltr'>priore</span> <span class='ocrx_word' id='word_1_266' title='bbox 1100 3416 1199 3492; x_wconf 86' lang='lat' dir='ltr'>parte,</span> <span class='ocrx_word' id='word_1_267' title='bbox 1235 3431 1313 3493; x_wconf 76' lang='lat' dir='ltr'>quau</span> <span class='ocrx_word' id='word_1_268' title='bbox 1355 3426 1358 3435; x_wconf 81' lang='grc'><em>“</em></span> 
     </span>
     <span class='ocr_line' id='line_1_30' title="bbox 111 3514 1316 3623; baseline -0.002 -43"><span class='ocrx_word' id='word_1_269' title='bbox 111 3520 233 3581; x_wconf 84' lang='lat' dir='ltr'>textum</span> <span class='ocrx_word' id='word_1_270' title='bbox 246 3519 432 3582; x_wconf 85' lang='lat' dir='ltr'>constituere</span> <span class='ocrx_word' id='word_1_271' title='bbox 448 3520 590 3593; x_wconf 89' lang='lat' dir='ltr'>conabor,</span> <span class='ocrx_word' id='word_1_272' title='bbox 604 3517 740 3599; x_wconf 89' lang='lat' dir='ltr'>primum</span> <span class='ocrx_word' id='word_1_273' title='bbox 756 3519 793 3581; x_wconf 92' lang='grc'>16</span> <span class='ocrx_word' id='word_1_274' title='bbox 808 3516 899 3580; x_wconf 91' lang='lat' dir='ltr'>libris</span> <span class='ocrx_word' id='word_1_275' title='bbox 915 3534 1009 3580; x_wconf 92' lang='lat' dir='ltr'>manu</span> <span class='ocrx_word' id='word_1_276' title='bbox 1030 3515 1166 3598; x_wconf 77' lang='grc'><strong>66616116,</strong></span> <span class='ocrx_word' id='word_1_277' title='bbox 1183 3514 1295 3596; x_wconf 89' lang='lat' dir='ltr'>quibus</span> <span class='ocrx_word' id='word_1_278' title='bbox 1311 3530 1316 3623; x_wconf 65' lang='lat' dir='ltr'>p</span> 
     </span>
     <span class='ocr_line' id='line_1_31' title="bbox 111 3619 1316 3704; baseline -0.005 -18"><span class='ocrx_word' id='word_1_279' title='bbox 111 3622 158 3686; x_wconf 91' lang='lat' dir='ltr'>uti</span> <span class='ocrx_word' id='word_1_280' title='bbox 179 3622 279 3704; x_wconf 88' lang='lat' dir='ltr'>licuit,</span> <span class='ocrx_word' id='word_1_281' title='bbox 315 3621 480 3703; x_wconf 80' lang='lat' dir='ltr'>disputem,</span> <span class='ocrx_word' id='word_1_282' title='bbox 514 3621 625 3686; x_wconf 91' lang='lat' dir='ltr'>deinde</span> <span class='ocrx_word' id='word_1_283' title='bbox 659 3623 779 3684; x_wconf 82' lang='lat' dir='ltr'>textum</span> <span class='ocrx_word' id='word_1_284' title='bbox 812 3620 914 3702; x_wconf 91' lang='lat' dir='ltr'>ipsum</span> <span class='ocrx_word' id='word_1_285' title='bbox 948 3620 1114 3685; x_wconf 86' lang='lat' dir='ltr'>subiuncta</span> <span class='ocrx_word' id='word_1_286' title='bbox 1149 3619 1316 3682; x_wconf 77' lang='lat' dir='ltr'>codicuml</span> 
     </span>
     <span class='ocr_line' id='line_1_32' title="bbox 110 3709 1291 3808; baseline -0.003 -20"><span class='ocrx_word' id='word_1_287' title='bbox 110 3725 416 3808; x_wconf 83' lang='lat' dir='ltr'>scripturapouam,</span> <span class='ocrx_word' id='word_1_288' title='bbox 451 3725 544 3789; x_wconf 88' lang='lat' dir='ltr'>tertio</span> <span class='ocrx_word' id='word_1_289' title='bbox 572 3725 664 3788; x_wconf 89' lang='lat' dir='ltr'>huius</span> <span class='ocrx_word' id='word_1_290' title='bbox 693 3725 790 3805; x_wconf 88' lang='lat' dir='ltr'>partis</span> <span class='ocrx_word' id='word_1_291' title='bbox 813 3709 880 3787; x_wconf 89' lang='grc'><strong>1666</strong></span> <span class='ocrx_word' id='word_1_292' title='bbox 904 3725 1141 3788; x_wconf 91' lang='lat' dir='ltr'>commentarios</span> <span class='ocrx_word' id='word_1_293' title='bbox 1164 3722 1291 3787; x_wconf 93' lang='lat' dir='ltr'>criticos</span> 
     </span>
     <span class='ocr_line' id='line_1_33' title="bbox 111 3825 1316 3910; baseline -0.004 -18"><span class='ocrx_word' id='word_1_294' title='bbox 111 3829 270 3907; x_wconf 88' lang='lat' dir='ltr'>collocem,</span> <span class='ocrx_word' id='word_1_295' title='bbox 295 3830 394 3893; x_wconf 86' lang='lat' dir='ltr'>altera</span> <span class='ocrx_word' id='word_1_296' title='bbox 415 3833 519 3892; x_wconf 88' lang='lat' dir='ltr'>autem</span> <span class='ocrx_word' id='word_1_297' title='bbox 542 3832 630 3910; x_wconf 89' lang='lat' dir='ltr'>parte</span> <span class='ocrx_word' id='word_1_298' title='bbox 652 3827 736 3891; x_wconf 91' lang='lat' dir='ltr'>hunc</span> <span class='ocrx_word' id='word_1_299' title='bbox 750 3826 895 3892; x_wconf 91' lang='lat' dir='ltr'>libellum</span> <span class='ocrx_word' id='word_1_300' title='bbox 918 3826 957 3891; x_wconf 88' lang='lat' dir='ltr'>ab</span> <span class='ocrx_word' id='word_1_301' title='bbox 982 3826 1092 3892; x_wconf 85' lang='lat' dir='ltr'>Ouidio</span> <span class='ocrx_word' id='word_1_302' title='bbox 1116 3843 1176 3890; x_wconf 91' lang='lat' dir='ltr'>non</span> <span class='ocrx_word' id='word_1_303' title='bbox 1199 3825 1288 3891; x_wconf 89' lang='lat' dir='ltr'>abin·</span> <span class='ocrx_word' id='word_1_304' title='bbox 1313 3876 1316 3901; x_wconf 87' lang='grc'><strong>,</strong></span> 
     </span>
    </p>
   </div>
   <div class='ocr_carea' id='block_1_6' title="bbox 110 3928 1321 4033">
    <p class='ocr_par' dir='ltr' id='par_1_7' title="bbox 110 3916 1321 4033">
     <span class='ocr_line' id='line_1_34' title="bbox 110 3928 1321 4033; baseline -0.004 -37"><span class='ocrx_word' id='word_1_305' title='bbox 110 3931 278 3996; x_wconf 91' lang='lat' dir='ltr'>dicandum</span> <span class='ocrx_word' id='word_1_306' title='bbox 301 3950 366 3995; x_wconf 91' lang='grc'><strong>6666</strong></span> <span class='ocrx_word' id='word_1_307' title='bbox 390 3931 607 3995; x_wconf 91' lang='lat' dir='ltr'>demonstrem.</span> <span class='ocrx_word' id='word_1_308' title='bbox 632 3949 732 4011; x_wconf 88' lang='lat' dir='ltr'>nequo</span> <span class='ocrx_word' id='word_1_309' title='bbox 747 3931 854 3993; x_wconf 88' lang='lat' dir='ltr'>tamen</span> <span class='ocrx_word' id='word_1_310' title='bbox 877 3929 996 3994; x_wconf 93' lang='lat' dir='ltr'>issum</span> <span class='ocrx_word' id='word_1_311' title='bbox 1021 3928 1073 4011; x_wconf 90' lang='lat' dir='ltr'>qui</span> <span class='ocrx_word' id='word_1_312' title='bbox 1089 3947 1223 4011; x_wconf 87' lang='lat' dir='ltr'>sperem,</span> <span class='ocrx_word' id='word_1_313' title='bbox 1240 3946 1290 3991; x_wconf 91' lang='lat' dir='ltr'>me</span> <span class='ocrx_word' id='word_1_314' title='bbox 1313 3936 1321 4033; x_wconf 56' lang='lat' dir='ltr'>p</span> 
     </span>
    </p>
   </div>
   <div class='ocr_carea' id='block_1_7' title="bbox 111 4191 1376 4440">
    <p class='ocr_par' dir='ltr' id='par_1_8' title="bbox 111 4191 1376 4440">
     <span class='ocr_line' id='line_1_35' title="bbox 217 4191 1376 4265; baseline -0.007 -14"><span class='ocrx_word' id='word_1_315' title='bbox 217 4201 237 4265; x_wconf 93' lang='lat'>¹)</span> <span class='ocrx_word' id='word_1_316' title='bbox 257 4200 330 4263; x_wconf 78' lang='lat' dir='ltr'>Quae</span> <span class='ocrx_word' id='word_1_317' title='bbox 356 4214 397 4250; x_wconf 90' lang='lat' dir='ltr'>nes</span> <span class='ocrx_word' id='word_1_318' title='bbox 417 4213 497 4265; x_wconf 89' lang='lat' dir='ltr'>quarn</span> <span class='ocrx_word' id='word_1_319' title='bbox 517 4197 618 4250; x_wconf 85' lang='lat' dir='ltr'>ineerta</span> <span class='ocrx_word' id='word_1_320' title='bbox 637 4195 681 4259; x_wconf 89' lang='lat' dir='ltr'>sit,</span> <span class='ocrx_word' id='word_1_321' title='bbox 692 4196 786 4248; x_wconf 90' lang='lat' dir='ltr'>docent</span> <span class='ocrx_word' id='word_1_322' title='bbox 806 4195 916 4248; x_wconf 87' lang='lat' dir='ltr'>Baahrii</span> <span class='ocrx_word' id='word_1_323' title='bbox 935 4193 1016 4247; x_wconf 90' lang='lat' dir='ltr'>uerba</span> <span class='ocrx_word' id='word_1_324' title='bbox 1034 4194 1063 4246; x_wconf 92' lang='lat' dir='ltr'>in</span> <span class='ocrx_word' id='word_1_325' title='bbox 1081 4193 1144 4246; x_wconf 87' lang='lat' dir='ltr'>hist.</span> <span class='ocrx_word' id='word_1_326' title='bbox 1159 4193 1215 4245; x_wconf 88' lang='lat' dir='ltr'>litt.</span> <span class='ocrx_word' id='word_1_327' title='bbox 1230 4191 1297 4244; x_wconf 83' lang='lat' dir='ltr'>Rom</span> <span class='ocrx_word' id='word_1_328' title='bbox 1374 4230 1376 4235; x_wconf 85' lang='lat'><em>.</em></span> 
     </span>
     <span class='ocr_line' id='line_1_36' title="bbox 111 4277 1295 4356; baseline -0.008 -16"><span class='ocrx_word' id='word_1_329' title='bbox 111 4288 163 4356; x_wconf 90' lang='grc'><strong>(61.</strong></span> <span class='ocrx_word' id='word_1_330' title='bbox 181 4292 206 4339; x_wconf 84' lang='grc'>4.</span> <span class='ocrx_word' id='word_1_331' title='bbox 224 4302 247 4339; x_wconf 87' lang='grc'>3.</span> <span class='ocrx_word' id='word_1_332' title='bbox 268 4288 414 4350; x_wconf 79' lang='lat'>1868-72)</span> <span class='ocrx_word' id='word_1_333' title='bbox 433 4285 447 4338; x_wconf 94' lang='lat' dir='ltr'>I</span> <span class='ocrx_word' id='word_1_334' title='bbox 465 4300 490 4352; x_wconf 91' lang='lat' dir='ltr'>p.</span> <span class='ocrx_word' id='word_1_335' title='bbox 509 4288 572 4337; x_wconf 75' lang='lat'><strong>607:</strong></span> <span class='ocrx_word' id='word_1_336' title='bbox 593 4284 662 4336; x_wconf 71' lang='lat' dir='ltr'>„Die</span> <span class='ocrx_word' id='word_1_337' title='bbox 680 4283 808 4336; x_wconf 82' lang='lat' dir='ltr'>Ecbtbeit</span> <span class='ocrx_word' id='word_1_338' title='bbox 826 4282 872 4336; x_wconf 81' lang='lat' dir='ltr'>des</span> <span class='ocrx_word' id='word_1_339' title='bbox 893 4281 1036 4335; x_wconf 81' lang='lat' dir='ltr'>Gedicbtes</span> <span class='ocrx_word' id='word_1_340' title='bbox 1054 4280 1090 4333; x_wconf 79' lang='lat' dir='ltr'>ist</span> <span class='ocrx_word' id='word_1_341' title='bbox 1102 4279 1176 4346; x_wconf 75' lang='lat' dir='ltr'>jetat</span> <span class='ocrx_word' id='word_1_342' title='bbox 1194 4277 1295 4332; x_wconf 82' lang='lat' dir='ltr'>wieder</span> 
     </span>
     <span class='ocr_line' id='line_1_37' title="bbox 111 4362 1295 4440; baseline -0.009 -12"><span class='ocrx_word' id='word_1_343' title='bbox 111 4391 165 4428; x_wconf 84' lang='lat' dir='ltr'>coa</span> <span class='ocrx_word' id='word_1_344' title='bbox 184 4372 262 4428; x_wconf 80' lang='lat' dir='ltr'>Jaaa</span> <span class='ocrx_word' id='word_1_345' title='bbox 279 4371 442 4440; x_wconf 76' lang='lat' dir='ltr'>ccrtbea&#39;da&#39;pt</span> <span class='ocrx_word' id='word_1_346' title='bbox 460 4370 571 4424; x_wconf 80' lang='lat' dir='ltr'>worden</span> <span class='ocrx_word' id='word_1_347' title='bbox 577 4407 652 4423; x_wconf 81' lang='grc'><strong>.....</strong></span> <span class='ocrx_word' id='word_1_348' title='bbox 686 4369 743 4422; x_wconf 85' lang='lat' dir='ltr'>Die</span> <span class='ocrx_word' id='word_1_349' title='bbox 760 4368 981 4437; x_wconf 79' lang='lat' dir='ltr'>Abbandlecapea</span> <span class='ocrx_word' id='word_1_350' title='bbox 998 4366 1065 4419; x_wconf 77' lang='lat' dir='ltr'>tiber</span> <span class='ocrx_word' id='word_1_351' title='bbox 1088 4365 1216 4418; x_wconf 83' lang='lat' dir='ltr'>Ecbtbeu&#39;t</span> <span class='ocrx_word' id='word_1_352' title='bbox 1234 4362 1295 4418; x_wconf 79' lang='lat' dir='ltr'>aad</span> 
     </span>
    </p>
   </div>
   <div class='ocr_carea' id='block_1_8' title="bbox 115 4451 1188 4590">
    <p class='ocr_par' dir='ltr' id='par_1_9' title="bbox 115 4451 1188 4590">
     <span class='ocr_line' id='line_1_38' title="bbox 115 4451 1188 4575; baseline -0.011 -60"><span class='ocrx_word' id='word_1_353' title='bbox 115 4461 276 4515; x_wconf 84' lang='lat' dir='ltr'>Uaecbtbee&#39;t</span> <span class='ocrx_word' id='word_1_354' title='bbox 298 4457 376 4514; x_wconf 82' lang='lat' dir='ltr'>Ouid.</span> <span class='ocrx_word' id='word_1_355' title='bbox 399 4457 529 4512; x_wconf 70' lang='lat' dir='ltr'>dedicate</span> <span class='ocrx_word' id='word_1_356' title='bbox 546 4462 656 4511; x_wconf 76' lang='grc'><strong>66166666</strong></span> <span class='ocrx_word' id='word_1_357' title='bbox 674 4457 744 4510; x_wconf 82' lang='lat' dir='ltr'>norb</span> <span class='ocrx_word' id='word_1_358' title='bbox 761 4456 1008 4526; x_wconf 75' lang='lat' dir='ltr'>darcbpenommea</span> <span class='ocrx_word' id='word_1_359' title='bbox 1027 4451 1188 4575; x_wconf 46' lang='lat' dir='ltr'>werdone*</span> 
     </span>
     <span class='ocr_line' id='line_1_39' title="bbox 1154 4544 1166 4590; baseline 0 0"><span class='ocrx_word' id='word_1_360' title='bbox 1154 4544 1166 4590; x_wconf 92' lang='lat'>1</span> 
     </span>
    </p>
   </div>
   <div class='ocr_carea' id='block_1_9' title="bbox 0 0 1496 5040">
    <p class='ocr_par' dir='ltr' id='par_1_10' title="bbox 0 0 1496 5040">
     <span class='ocr_line' id='line_1_40' title="bbox 0 0 1496 5040; baseline 0 0"><span class='ocrx_word' id='word_1_361' title='bbox 0 0 1496 5040; x_wconf 95' lang='lat' dir='ltr'> </span> 
     </span>
    </p>
   </div>
  </div>
 </body>
</html>
