2984 5040
637 393 849 459 ..56-

155 582 194 647 iis
217 582 270 665 qni
293 585 436 648 secuntur
467 580 607 646 versibus
623 584 728 664 ,poeta
749 579 871 663 puellas
902 579 985 664 ipsas
1008 580 1152 664 appellet,
1187 581 1220 644 in
1243 599 1275 644 v.
1302 578 1339 643 17

156 684 306 751 secundae
328 683 458 766 pluralis
479 701 627 766 personae
652 682 768 749 mentio
791 701 882 766 aegre
902 683 1106 749 desideretur.
1130 700 1224 766 qnam
1252 699 1340 764 saepe

155 787 213 855 hae
225 788 442 870 pronominum
454 787 570 852 formae
587 785 812 852 confundantur
828 787 861 850 in
872 785 962 859 libris
977 805 1052 854 mss.
1065 788 1141 852 satis
1157 787 1269 852 notum
1283 791 1338 852 est.

259 908 298 972 In
326 907 366 973 iis
395 925 472 989 qnae
494 908 813 988 proxime-secuntur
837 909 938 974 verbis
965 907 1063 991 possit
1091 907 1160 991 quis
1189 908 1338 987 dubitari,

157 1014 264 1078 utrum
295 1030 365 1076 cum
390 1009 435 1074 M
443 1008 470 1074 Ο
495 1010 566 1076 aliis
594 1009 795 1075 scribendum
817 1012 873 1076 sit:
899 1031 928 1076 a.
955 1015 1072 1076 rrectres
1099 1014 1223 1075 teneros
1248 1032 1286 1092 p.
1305 1032 1338 1092 p.

158 1134 198 1180 an
221 1133 291 1180 cum
313 1115 441 1197 reliquis
461 1135 491 1179 o.
508 1118 631 1178 terreres
646 1118 765 1180 rrectres
775 1135 811 1196 p,
822 1135 869 1196 p,
883 1133 978 1198 ¹quem
993 1116 1157 1181 verborum
1172 1115 1337 1180 decursum

157 1217 252 1284 ctiam
275 1216 396 1304 LRN,
422 1218 560 1282 tuentur.
588 1219 696 1282 utrum
718 1220 759 1283 sit
781 1217 1037 1300 amplectendum
1059 1237 1075 1282 e
1098 1217 1259 1283 constanti
1280 1236 1338 1281 usu

156 1319 307 1387 Ovidiano
330 1321 429 1385 evinci
450 1338 540 1404 posse
564 1319 695 1386 videtur.
718 1320 778 1385 etsi
801 1321 883 1385 enim
907 1321 1021 1385 mirum
1040 1325 1194 1403 quantum
1209 1321 1337 1386 adamat

156 1424 285 1490 Ovidius
309 1443 376 1489 earn
401 1424 564 1490 verborum
587 1425 831 1503 collocationem,
848 1425 884 1490 ut
898 1424 1088 1490 substantivi
1110 1425 1144 1488 in
1166 1423 1229 1488 fine
1245 1425 1337 1489 hexa-

155 1528 250 1594 metri
266 1544 370 1592 versus
385 1527 481 1609 positi
496 1528 657 1611 epitheton
667 1530 745 1594 ,ante
761 1546 922 1593 caesuram
943 1526 1218 1610 penthemimerim
1234 1531 1337 1614 ponat,

155 1633 260 1696 tamen
282 1630 336 1695 nbi
359 1633 418 1697 duo
441 1631 473 1695 in
495 1649 557 1696 uno
579 1633 757 1697 hexametro
780 1630 977 1696 substantiva
998 1649 1069 1694 cnm
1091 1649 1147 1696 suo
1170 1634 1338 1713 utrumque

155 1735 307 1799 attributo
335 1733 530 1811 adhibentur,
567 1735 727 1800 collocatio
761 1752 883 1816 eorum,
918 1735 946 1797 si
980 1733 1080 1797 metro
1107 1733 1243 1798 liberum
1272 1735 1339 1801 eins

154 1837 315 1902 reidatur
337 1836 512 1913 arbitrium,
536 1855 552 1901 e
575 1836 690 1901 verbi
712 1838 863 1919 positione
884 1836 1015 1919 pendet;
1046 1839 1137 1917 prout
1161 1837 1246 1900 enlm
1268 1858 1339 1904 ver·

155 1941 230 2005 bum
245 1939 438 2024 paenultimo
454 1941 503 2005 vel
520 1940 788 2022 antepaennltimo
803 1940 870 2026 loco
893 1940 1028 2023 ponitur,
1052 1940 1175 2022 reliqua
1196 1942 1340 2008 membra

156 2044 201 2108 sie
231 2043 437 2127 disponuntur
461 2081 499 2088 —
523 2042 722 2109 substantiva
751 2042 892 2128 significo
923 2045 1038 2108 litteris
1061 2043 1148 2121 AB,
1184 2047 1339 2111 attributa

156 2165 228 2212 eum
250 2146 300 2212 his
324 2147 490 2211 coniuncta
513 2146 567 2223 cb,
580 2149 710 2212 verbum
731 2147 793 2212 litt.
813 2147 905 2213 0-:
930 2145 1086 2212 cAbOB
1100 2148 1155 2212 aut
1170 2145 1338 2232 cbOAR

258 2267 360 2333 Huius
376 2287 451 2332 usus
466 2270 503 2331 ut
518 2286 573 2350 pro
588 2269 699 2332 multis
714 2287 813 2350 panca
829 2269 1003 2334 adscribam
1027 2268 1181 2350 exempla:

258 2389 304 2453 ab
314 2386 432 2454 OAB:

258 2507 628 2575 necimmerito
660 2510 814 2573 terribiles
846 2510 974 2572 rrrtseerrt
1008 2511 1136 2573 aconito
1163 2528 1319 2574 novercae

295 2664 310 2694 „
357 2614 373 2677 I
397 2613 473 2678 153:
497 2613 636 2696 Altaque
658 2617 812 2696 tenpestas
833 2613 986 2676 struxisse
1002 2612 1045 2676 orl
1066 2612 1318 2677 stoterc'morrtes

297 2767 313 2802 π
358 2717 475 2782 1484:
499 2716 643 2782 Pulchra
664 2718 832 2781 rerecrrrrrto
855 2717 1054 2797 suffunditur
1075 2735 1135 2780 oro
1157 2715 1269 2780 robore

243 2820 330 2883 Rem.
348 2838 408 2884 am.
426 2820 504 2886 367:
528 2819 574 2884 Et
589 2825 646 2885 trra
661 2821 830 2903 sacrr'lepce
845 2820 1017 2884 laniarent
1032 2819 1181 2883 corrodere
1197 2818 1338 2902 ttcprrce.

236 2921 319 2985 Met.
349 2922 393 2985 VI
428 2924 484 2986 22:
521 2923 592 2987 Stre
625 2924 685 2989 tert
723 2929 845 2989 teretem
884 2924 1029 2987 oersobct
1063 2923 1179 3004 poltr'ce
1211 2922 1339 3005 forsrern3

243 3043 341 3211 1ζέὶό
349 3042 499 3211 {3572
533 3146 600 3211 Nec
626 3149 761 3211 mortens
783 3146 870 3212 Dior
899 3167 1022 3212 sorrornc
1050 3147 1176 3211 videsset
1204 3146 1243 3211 ab
1268 3165 1341 3212 arce

240 3251 312 3315 Am.
346 3250 417 3314 Il.
448 3249 504 3315 55:
545 3249 585 3314 Ut
613 3250 678 3314 lertr'
705 3250 838 3332 eepbpro
869 3251 1006 3333 prcetlr's
1039 3251 1183 3314 otbrctrrr
1213 3251 1341 3315 orando

241 3354 317 3418 Met.
340 3353 421 3418 VIII
442 3353 521 3418 512:
546 3352 728 3418 Forrererrm
750 3359 866 3417 torrerrr
888 3354 1005 3418 roectr'os
1031 3354 1160 3418 cerotem't
1182 3355 1219 3417 r're
1241 3354 1340 3438 cyrces.

256 3470 326 3539 Etsi
348 3475 447 3558 igitur
469 3478 684 3558 permetrum
707 3475 808 3540 dicere
830 3474 921 3539 licuit
944 3493 1071 3538 semron
1085 3474 1183 3554 Dido,
1205 3475 1346 3558 praeitis

150 3575 307 3659 saphyro,
329 3578 458 3642 ,medios
491 3584 622 3658 torrere,
663 3580 768 3643 tamen
801 3577 934 3643 alteram
968 3579 1153 3660 positionem
1190 3578 1341 3661 amplecti

146 3679 270 3747 ‚maluit
286 3679 426 3747 Ouidius.
460 3683 492 3747 in
508 3683 648 3747 versibus
663 3682 717 3766 qni
734 3685 840 3747 contra
865 3682 984 3747 faciunt
1004 3681 1170 3762 singularis
1185 3681 1342 3764 quaedam

159 3784 323 3851 causaest
352 3784 531 3863 statuenda,
567 3786 603 3850 ut
629 3783 815 3871 rerepente
851 3803 931 3868 qnae
964 3788 1101 3861 vocatur,
1135 3783 1342 3866 ambiguitas,

159 3887 283 3952 similia.
302 3888 354 3952 hic
370 3905 455 3964 usus,
473 3889 559 3954 euius
583 3889 722 3970 exempla
745 3890 811 3953 sine
835 3888 900 3953 ullo
922 3888 1038 3953 dilectu
1062 3888 1167 3970 attuli,
1191 3891 1340 3954 constans

159 3995 206 4058 est
228 3993 308 4074 apud
324 3990 487 4068 Ovidium,
517 3995 563 4057 ita
585 3992 621 4055 ut
644 3994 839 4074 aliquantum
870 3992 980 4056 hileire
1002 3990 1147 4056 videatur
1168 3990 1341 4057 lectionem

151 4096 271 4160 ,codicis
295 4099 347 4160 M:
392 4094 439 4157 At
462 4115 489 4158 o.
513 4100 630 4158 matres
662 4100 785 4160 teneros
814 4115 960 4176 peperere
984 4094 1121 4176 perettus.
1162 4093 1341 4176 (Heinsius,

158 4201 366 4282 Burmannus,
389 4199 523 4265 Jahnius
547 4199 724 4264 ediderunt:
748 4200 793 4263 At
814 4220 842 4262 r.
866 4203 928 4263 terr.
951 4203 1067 4262 matres
1083 4216 1118 4278 p.
1131 4195 1194 4281 pu).

261 4321 307 4385 De
330 4319 436 4385 verbis
459 4339 487 4384 v.
506 4321 546 4385 19
569 4319 797 4385 constituendis
814 4320 864 4385 vir
879 4321 945 4384 ulla
967 4323 1153 4401 potestesse
1180 4316 1343 4385 dubitatio

158 4426 343 4507 comparatis
369 4423 419 4490 his
441 4423 519 4489 loeis
543 4423 678 4490 duobus:
712 4424 834 4490 Motll
858 4425 937 4488 412:
