2984 5040
159 597 185 636 v.
204 587 239 635 ⁶4
257 597 318 637 crue
332 595 386 649 pro
402 597 478 647 exue

158 682 184 724 v.
203 672 237 725 bb
254 665 354 722 herbae
367 683 421 736 pro
439 666 504 732 orvi,

157 770 184 811 v.
203 757 237 806 66
256 752 450 822 Sextantesque
465 768 521 823 pro
540 751 752 823 Sextantemque,

158 854 185 893 r.
203 832 237 892 tt
256 839 301 894 hle
314 855 370 908 pro
387 839 446 907 buc,
465 841 529 909 post
543 848 599 908 pro
616 839 686 909 plus,

159 940 184 979 v.
204 927 237 978 eb
255 924 375 980 radianti
393 940 503 995 corpora
520 925 592 979 vitro
605 940 662 994 pro
680 924 785 978 radenti
804 939 914 995 corpora
932 925 1015 989 nitro,

158 1027 185 1068 v.
205 1015 239 1064 aa
255 1024 360 1080 quoquo
372 1025 428 1080 pro
444 1011 573 1080 quinque„

262 1116 348 1182 'Ialis
376 1117 474 1200 igitur
502 1118 644 1182 codicum
679 1116 795 1181 saeculi
822 1115 913 1180 XIII.
944 1115 1065 1182 indoles
1100 1134 1211 1182 novem
1246 1116 1339 1199 atque
1376 1104 1389 1165 i

157 1221 308 1286 audacem
339 1220 444 1302 prodit
474 1222 579 1286 tortus
601 1219 749 1287 Ovidiani
782 1222 1009 1300 recensionem,
1033 1220 1121 1285 culus
1144 1218 1287 1302 equidem
1310 1225 1342 1285 et

156 1323 217 1389 hoo
231 1323 467 1405 deprehendisse
487 1323 568 1389 mibi
584 1323 689 1388 videor
703 1322 866 1391 indicium.
889 1324 922 1388 in
945 1321 1103 1391 codicibus
1120 1323 1164 1410 N,
1175 1321 1246 1390 RB
1256 1321 1340 1408 GN,

157 1429 189 1493 et
211 1425 488 1492 Obeltonhamiano
504 1427 602 1491 altero
619 1425 673 1510 (cf.
693 1445 722 1508 p.
741 1428 791 1503 10,
808 1429 878 1493 adn.
894 1427 941 1511 5),
957 1445 1089 1509 quorum
1111 1428 1214 1493 textus
1236 1428 1340 1492 mani-

156 1529 328 1596 festissima
350 1529 443 1596 buius
466 1528 654 1596 reoensioms
676 1548 750 1615 pree
766 1550 800 1596 se
820 1531 925 1597 ferunt
942 1531 1085 1615 vestigia,
1107 1532 1181 1598 ante
1196 1530 1337 1596 libellum

156 1637 195 1700 dc
216 1634 419 1700 medicamine
436 1632 527 1699 faciei
550 1635 635 1698 inter
649 1633 945 1702 Pseudo-Ouidiana
966 1635 1125 1701 antecedit
1147 1633 1339 1718 poematium

155 1737 196 1804 21
210 1740 456 1820 mosomensi
473 1737 567 1821 vulgo
578 1737 616 1828 de
629 1735 837 1802 maeatae
852 1737 1039 1804 damasci
1050 1737 1275 1802 sardivocatur
1283 1733 1339 1819 ⁹³),

154 1840 188 1906 in
211 1839 366 1906 codicibus
390 1840 496 1905 autem
518 1837 594 1924 ipsis
622 1841 718 1906 etiam
744 1839 782 1903 olo
805 1839 929 1922 speculo
950 1840 1145 1924 inscribitur3
1167 1840 1201 1906 in
1218 1837 1338 1911 Gbaec

155 1944 319 2026 inscriptio
340 1943 473 2026 legiturt
516 1941 648 2009 Ouidius
669 1942 707 2008 dc
728 1943 867 2025 speculo,
896 1944 928 2008 in
952 1941 1000 2008 R:
1025 1941 1134 2009 Ovidii
1154 1942 1192 2007 olo
1213 1941 1339 2024 maceio

154 2047 395 2125 medicandam
426 2047 461 2112 in
484 2047 589 2113 codice
612 2046 819 2113 bibliothecae
842 2048 1069 2130 Amplonianae
1102 2045 1150 2130 (n⁰
1175 2047 1214 2113 lb
1236 2047 1270 2111 in
1293 2044 1337 2120 8⁰,

154 2149 249 2216 Kritz
269 2151 308 2214 n⁰
328 2149 392 2229 49.)
416 2167 493 2216 saec.
516 2149 603 2216 XIV.
626 2151 796 2216 secundum
814 2147 984 2235 .Voigtium
1013 2151 1084 2218 lc.
1108 2170 1137 2233 p.
1161 2149 1203 2216 23
1238 2149 1339 2214 eidem

155 2253 246 2318 tituli
278 2256 344 2320 loco
366 2255 536 2338 praefixum
571 2257 635 2320 est:
674 2253 805 2320 Ovidim
836 2255 874 2322 do
901 2255 1134 2324 emmanuele.
1177 2254 1211 2320 in
1233 2253 1337 2320 codice

155 2358 362 2442 Neapolitano
376 2359 479 2442 priore
501 2361 602 2424 autem
619 2358 747 2425 libellus
762 2362 799 2425 de
814 2360 895 2425 med.
909 2360 934 2446 i.
948 2359 1016 2442 ipse
1030 2360 1145 2426 mirum
1159 2357 1192 2422 in
1207 2357 1337 2425 modum

155 2460 357 2542 inscribitur:
391 2462 469 2527 libor
495 2460 604 2527 Oooilio'
636 2461 673 2526 do
706 2461 840 2544 speculo.
880 2463 966 2545 >quod
995 2465 1101 2529 nortem
1135 2460 1262 2528 maximi
1292 2461 1339 2526 ast

154 2565 315 2643 momenti,
338 2565 488 2648 poematii
509 2565 596 2630 illius
619 2565 754 2630 disticha
773 2567 874 2647 prima
890 2583 940 2631 sex
966 2564 1040 2646 (vid.
1058 2565 1128 2631 adn.
1145 2564 1213 2648 23),
1236 2564 1341 2628 metro·

155 2668 290 2753 elegiaco
314 2669 498 2754 composita,
528 2670 689 2750 tamquam
718 2669 942 2752 praefationem
978 2667 1153 2750 corpusculi
1176 2666 1336 2733 cuiusdam

153 2771 396 2838 medicaminum
419 2771 575 2836 continere
600 2771 753 2850 videntur,
785 2790 855 2836 oum
885 2770 1027 2836 versibus
1050 2772 1176 2836 domum
1199 2769 1336 2851 13-21,

154 2875 249 2940 meris
264 2875 463 2955 hexametris,
480 2877 518 2942 do
532 2877 656 2942 aurium
671 2876 896 2942 medicamento
917 2878 985 2958 ipso
1001 2877 1120 2960 agatur
1144 2875 1337 2941 haecomnia

152 2977 347 3062 probabilem
376 2980 455 3044 mihi
477 2978 596 3045 sedunt
618 2983 828 3046 coniecturam
847 2983 885 3059 ei,
909 2981 1049 3062 quiante
1072 2979 1231 3044 saeculum
1245 2976 1335 3043 XIII.

153 3080 259 3147 Ovidii
281 3083 402 3147 tontum
425 3083 597 3163 recensuit,
622 3084 654 3148 id
677 3083 775 3150 fuisse
798 3084 980 3161 consilium,
1009 3085 1045 3148 ut
1066 3086 1229 3164 tamquam
1252 3097 1336 3146 com·

227 3397 230 3403 Ι
257 3331 288 3407 ξ’)
307 3330 347 3386 cf.
364 3331 393 3386 L.
414 3330 533 3396 Mueller,
552 3331 620 3384 Mus.
641 3331 724 3385 liban.
738 3330 822 3384 XVII.
842 3335 892 3385 257
905 3346 944 3399 sq.
963 3329 1049 3385 Codex
1067 3329 1095 3387 R
1113 3329 1231 3384 disticha
1248 3329 1336 3398 prima

152 3431 197 3471 sen
215 3415 256 3471 sic
272 3416 394 3475 exbibet:

356 3503 402 3559 No
419 3502 469 3556 tibi
486 3501 658 3570 displiceam,
676 3503 743 3571 qaia
760 3504 800 3557 oio
817 3517 877 3557 omn
894 3518 1008 3571 corpore
1023 3515 1138 3570 porcus,

363 3588 479 3644 malos
494 3589 545 3643 ieie
563 3588 651 3644 meeis
669 3589 746 3644 mitio
761 3605 846 3659 pooao
861 3589 938 3659 perit.

309 3709 312 3715 ·
357 3674 489 3731 Plurima
507 3675 650 3731 doctorum
667 3681 730 3730 ami
749 3678 790 3730 lic
808 3681 923 3744 cooperto
939 3677 1067 3744 priorum

360 3759 444 3829 Hirro,
464 3760 555 3827 betur,
574 3777 674 3827 samos,
693 3779 763 3830 puae
780 3763 895 3815 meliora
910 3767 1000 3828 patos.

357 3847 491 3902 Materies
509 3853 643 3902 mouerat
661 3848 717 3912 tibi,
736 3864 807 3916 pace
822 3847 1008 3902 medicamina
1024 3854 1162 3915 coaetant,

360 3934 450 4002 Tcpoe
467 3933 535 4002 proici
553 3935 688 4002 amplecti,
706 3934 806 4002 proiice
824 3949 921 3993 cauere
939 3934 1025 3992 dcccl.

358 4017 390 4075 Si
406 4017 496 4084 fueris
513 4018 598 4084 dives,
617 4036 687 4091 quoe
703 4026 771 4074 oront
784 4022 908 4088 pretiosa
924 4022 1051 4090 requiem

356 4103 388 4158 Si
405 4106 523 4159 amomis
541 4121 643 4168 coreas,
662 4106 726 4177 elipe
744 4106 817 4175 quod
834 4106 934 4178 calcos.

356 4191 416 4246 Nec
433 4207 484 4246 nos
500 4198 683 4261 contempnas,
701 4193 767 4249 oceo
784 4210 846 4249 acm
861 4193 966 4250 videris
983 4194 1094 4250 babos.-

360 4277 439 4347 Qooo
456 4280 513 4334 lcoc
530 4279 683 4348 coinpoooc,
700 4276 836 4352 praeduce
854 4296 909 4336 osse
928 4284 1002 4338 solea

368 4365 499 4420 Caelestia
516 4365 645 4432 medicus,
663 4368 745 4421 acies
759 4378 860 4422 mames
877 4369 972 4423 omnic
984 4373 1093 4437 pensat,

354 4448 520 4506 Mirandum
533 4450 638 4520 pedit,
656 4450 729 4520 poa
746 4451 799 4508 titi
816 4452 869 4509 cole
886 4453 952 4520 pluit.
