2984 5040
602 409 791 472 -9..

205 597 345 677 Denique
368 597 457 659 Aem.
482 594 654 671 Baehrens,
680 596 743 677 ‘qui
765 595 842 658 item
866 593 985 658 Nucem
1007 595 1079 659 inde
1102 595 1284 678 desumpsit,

104 701 230 782 (Poetae
253 703 307 765 lat.
332 699 408 762 min.
431 697 458 762 I.
483 698 524 762 88
547 699 627 780 sqq.)
653 698 729 762 dicit
755 697 892 782 „soeculi
918 696 1126 762 XI-XII“.
1156 696 1202 762 ita
1224 698 1286 762 fere

104 807 136 867 et
159 822 214 887 ego
237 803 390 868 iudicem:
425 800 503 864 mihi
533 803 615 865 enirn
647 803 680 865 et
702 801 898 884 singularum
921 801 1105 865 litterarum
1127 802 1227 864 forma
1256 805 1287 864 et
1312 863 1330 898 a

102 907 200 970 totius
225 908 397 986 scripturae
420 906 545 969 habitus
568 905 681 969 saeculi
705 905 760 969 Xl.
781 905 934 986 posterius
958 907 1006 968 vel
1030 906 1116 985 prius
1140 904 1213 970 XII.
1238 905 1285 968 di-

103 1010 236 1074 midium
258 1011 385 1091 prodere
408 1009 564 1074 videntur.

208 1130 363 1195 Libellum
386 1131 424 1193 de
457 1127 661 1192 medicamine
694 1129 785 1192 faciei
819 1128 903 1193 lectu
938 1126 1178 1205 difficillimum,
1215 1145 1287 1192 cum

103 1236 203 1298 multa
226 1233 358 1298 evanida
381 1237 474 1313 atque
497 1233 642 1297 abstrusa
664 1231 744 1307 sint,
769 1222 843 1295 dum
867 1250 947 1296 anno
970 1233 1136 1313 praeterito
1161 1230 1287 1294 Floren-

102 1336 166 1400 tiae
199 1337 342 1400 morabar
376 1352 470 1417 quam
501 1334 588 1417 potui
623 1335 858 1398 accuratissime
893 1334 1025 1412 contuli,
1063 1353 1162 1415 neque
1195 1333 1287 1416 plura

103 1457 198 1520 qnam
226 1437 292 1519 ipse
322 1441 481 1502 assecutus
516 1457 586 1501 sum
620 1437 690 1502 elici
719 1455 806 1517 posse
835 1441 920 1521 puto,
952 1435 1011 1500 nisi
1043 1436 1123 1501 forte
1153 1437 1288 1500 remedia

103 1540 241 1605 chemica
256 1540 373 1604 fuerint
390 1539 543 1604 adhibita.

205 1660 356 1725 Merkelio
379 1664 556 1741 postremus
580 1662 663 1724 hunc
685 1660 822 1725 codicem
846 1677 1011 1741 usurpasse
1035 1661 1118 1724 visus
1141 1665 1188 1726 est
1206 1662 1286 1744 Ang.

104 1763 278 1828 Politianus
314 1762 365 1841 (cf.
390 1762 411 1827 l.
442 1782 468 1829 c.
503 1781 533 1843 p.
558 1763 639 1845 III),
676 1763 728 1845 qui
758 1762 790 1826 in
819 1762 969 1845 excerptis
1004 1764 1069 1827 suis
1103 1763 1222 1828 diceret
1253 1784 1286 1828 se

104 1884 176 1929 cum
198 1865 352 1932 aliatum
376 1867 471 1932 libros
494 1868 648 1931 Tristium
671 1887 743 1931 cum
766 1868 888 1931 vetusto
912 1865 1016 1932 codice
1039 1865 1069 1930 S.
1095 1867 1192 1932 Marci
1216 1887 1288 1933 con·
1322 1900 1344 1947 4

103 1970 221 2039 tulisse.
267 1972 319 2035 sed
351 1971 431 2036 falso
461 1971 494 2034 id
524 1971 700 2054 suspicatus
723 1971 771 2034 est
793 1971 843 2034 vir
865 1970 1074 2037 doctissimus.
1113 1970 1288 2036 Politianus

106 2074 189 2137 enim
212 2077 353 2139 mortuus
377 2076 426 2138 est
441 2093 522 2147 anno
548 2075 640 2149 1494,
664 2076 692 2138 11
716 2076 821 2139 autem
845 2094 937 2156 quem
960 2092 1014 2139 nos
1038 2074 1186 2138 habemus
1212 2076 1290 2139 liber

104 2193 186 2240 anno
209 2178 333 2240 demum
359 2177 442 2242 1499
472 2177 679 2242 bibliothecae
702 2176 733 2243 S.
757 2177 855 2241 Marci
886 2181 933 2242 est
963 2178 1094 2242 donatus
1118 2179 1289 2242 secundum

104 2281 211 2344 uotam
233 2299 326 2361 supra
348 2280 545 2363 adscriptam.
592 2283 751 2363 praeterea
782 2280 919 2346 codicem
942 2301 960 2346 a
982 2281 1139 2347 Politiano
1168 2282 1290 2346 adhibi-

105 2387 173 2447 tum
206 2384 238 2447 et
266 2383 356 2465 plura
390 2385 578 2449 continuisse
603 2384 831 2467 scripturasque
854 2385 920 2448 eius
944 2383 983 2449 ab
1006 2385 1064 2450 hoc
1083 2384 1289 2467 discrepuisse

105 2489 213 2566 postea
228 2489 438 2562 ostendemus,
462 2489 516 2552 ubi
540 2489 576 2553 de
601 2489 751 2570 excerptis
774 2486 925 2552 Politiaui
948 2487 1025 2569 ipsis
1048 2489 1199 2572 agemus(

392 2710 424 2776 2.
450 2709 494 2777 lle
519 2708 634 2777 codice
659 2707 949 2778 Gheltenhamianc
975 2708 1008 2777 0.

208 2865 287 2932 Cum
310 2869 342 2932 in
365 2867 574 2954 describendis
608 2867 781 2943 codicibus,
811 2870 911 2948 quoad
944 2866 1012 2931 fieri
1035 2868 1155 2947 potest,
1179 2866 1290 2930 adfini-

103 2972 205 3035 tatem
228 2989 333 3035 eorum
356 2971 494 3052 spectare
518 2970 596 3033 mihi
613 2970 837 3052 proposuerim,
854 2969 917 3034 iam
933 2970 1117 3034 tractandus
1134 2974 1182 3034 est
1198 2973 1290 3035 codex

104 3072 415 3138 chaltenhamianus.

206 3193 261 3258 Est
284 3193 382 3276 igitur
405 3193 457 3257 hic
480 3194 559 3258 libor
591 3194 793 3259 bibliothecae
816 3193 953 3258 Thomac
984 3193 1181 3276 Phillippsii,
1213 3193 1290 3257 olim

104 3294 312 3361 Mediomonti
348 3296 857 3379 (1111111111,1111111111111),
895 3315 976 3360 nunc
1010 3296 1243 3361 Cheltenhamii
1273 3316 1292 3360 a

104 3398 286 3481 Phillippsii
309 3418 423 3483 genero
446 3401 520 3464 Rev.
545 3401 689 3465 Xenwiclx
720 3400 936 3478 conservatae,
967 3400 1138 3484 insignitus
1163 3417 1289 3465 numero

105 3503 202 3569 6912.
241 3502 274 3567 11
297 3523 367 3568 1111
389 3502 598 3569 bibliothecae
620 3504 867 3586 Phillippsianae
891 3505 1066 3589 catalogo⁴)
1091 3506 1168 3569 haec
1192 3504 1292 3567 exstat

106 3613 174 3673 eius
199 3610 382 3690 descriptio:

107 3725 218 3792 Ooc'dr'c'
241 3727 538 3808 Metoocorptosecc
561 3748 632 3792 ccoc
653 3728 766 3810 plessis
791 3728 824 3791 in
847 3729 993 3811 resorptus
1015 3732 1043 3792 et
1068 3728 1290 3794 1111111111νὶ-

173 3831 228 3895 111
252 3830 289 3894 4⁰
312 3831 345 3894 S.
372 3831 473 3895 XIII

284 3993 315 4000 ..-

212 4089 232 4156 ⁴)
246 4087 420 4142 Vindobonac
438 4088 571 4156 exemplar
589 4088 695 4142 nullum
714 4090 816 4140 exstare
829 4087 951 4154 videtum
970 4105 1036 4158 quae
1049 4104 1130 4156 supra
1143 4087 1247 4153 rettuli,
1261 4102 1291 4140 ex

106 4175 226 4242 exemplo
244 4175 315 4244 quod
327 4177 369 4228 est
385 4175 415 4228 in
428 4174 493 4228 bibl.
505 4177 579 4243 regia
591 4174 757 4228 Bcrolinensi
775 4175 804 4227 in
822 4191 900 4228 usum
920 4191 1007 4228 meum
1019 4174 1133 4229 excussit
1152 4173 1292 4226 &Frank-

106 4261 195 4314 furter
213 4261 324 4315 amicus.
360 4261 400 4314 De
427 4260 590 4315 bibliotheca
617 4260 861 4316 Cheltenhamiana
888 4262 997 4331 eiusque
1025 4261 1155 4329 catalogis
1182 4259 1231 4313 ci:
1258 4259 1292 4312 Κ.

106 4345 315 4414 Zangemeisten
335 4347 519 4416 Sitzungsber.
538 4349 585 4401 der
602 4347 669 4417 phil.
689 4348 755 4404 hist.
774 4347 865 4403 Classe
884 4347 929 4402 der
947 4348 1054 4402 kaiserl.
1072 4346 1156 4400 Alxad.
1171 4345 1196 4402 d.
1213 4345 1292 4399 Wiss.

24 4500 27 4506 φ
104 4431 158 4485 Bd.
179 4431 327 4496 LXXXIV,
347 4432 372 4487 S.
392 4437 442 4486 5⁷3
461 4433 494 4509 ff..
