2984 5040
742 419 956 486 -60—

260 605 378 672 nefarie
400 604 498 671 habet
509 608 724 690 retractatum,
740 608 776 672 ut
792 607 1053 674 adconieoturam
1069 607 1161 672 deM
1172 606 1350 672 faciendam·
1364 606 1443 671 nihil

261 708 385 775 omnino
409 709 511 775 valere
533 709 683 774 videatur.

361 836 420 902 Sed
449 839 485 903 ut
513 838 577 903 iam
609 858 627 903 a
656 837 760 928 codice
789 838 907 922 optimo
936 838 1094 905 Martiano
1117 838 1289 922 ordiamur,
1318 856 1442 902 amores

260 941 403 1006 uenerari
425 942 508 1007 certe
525 959 623 1024 neque
639 940 779 1020 Ouidius,
799 960 898 1024 neque
914 941 998 1006 ullus
1019 944 1085 1007 eius
1101 941 1215 1020 aetatis·
1230 942 1324 1023 poeta
1340 941 1439 1007 dicere

258 1045 370 1129 potuit,
393 1045 484 1123 unde,
508 1045 534 1108 si
557 1062 650 1125 quem
673 1044 799 1108 omnino
821 1062 947 1108 sensum
971 1044 1122 1110 extricare
1147 1045 1309 1128 volumus,
1325 1047 1439 1110 muta·

261 1149 345 1213 tione
367 1147 462 1211 haud‘
473 1147 521 1211 ita
536 1147 608 1228 leni,
626 1165 754 1230 quam‘a
764 1146 868 1212 ducis
884 1147 974 1212 Italis
989 1147 1198 1230 ipsissfaetam
1215 1165 1281 1211 esse
1298 1146 1438 1212 videmus

260 1250 402 1317 inlibris
426 1270 512 1328 mss,
538 1251 711 1316 scribamus
734 1251 856 1332 oportet
873 1256 1039 1317 ’occentum
1062 1253 1126 1317 iem
1140 1251 1241 1333 igitur
1254 1250 1438 1316 huno-erin·

259 1355 361 1421 cimus
383 1354 590 1420 sententiam:
614 1352 733 1435 Refert,
757 1373 895 1434 quaeque
918 1354 954 1440 (i.
976 1372 1011 1419 er
1024 1359 1053 1418 tt
1075 1356 1166 1437 quoe)
1181 1372 1249 1437 -pro
1262 1373 1302 1418 ‘sc
1322 1358 1438 1436 parcat

258 1463 287 1522 ct
309 1477 384 1540 quos
406 1461 559 1522 occantur
580 1475 712 1522 umores·
734 1476 775 1522 m.
800 1478 842 1522 co.
855 1476 899 1522 u.
919 1461 1050 1541 mercat,
1075 1477 1169 1541 quam
1191 1458 1329 1523 his'fere
1352 1456 1438 1522 reddi

257 1561 332 1625 licet
353 1562 537 1627 vernacule:
581 1560 624 1625 Es
647 1561 770 1627 kommt
794 1563 849 1646 (sc.
875 1560 979 1640 ihnen)
999 1561 1120 1626 'darauf
1139 1579 1195 1646 an,
1219 1580 1281 1627 uas
1304 1561 1438 1626 'siesioh

262 1664 435 1730 beschaffen
450 1665 662 1746 (anscheffen)
686 1654 749 1728 und
768 1666 888 1729 ⁴uciche
904 1663 1199 1730 ‘hiebschaften.·sie
1221 1663 1439 1749 sicherjagcn

259 1767 367 1833 solleu.
392 1804 431 1813 -
444 1767 562 1832 'Durch
585 1766 765 1849 Nettigkeit
794 1767 902 1832 'sichen
930 1767 975 1833 sie
997 1768 1064 1833 'sich
1085 1769 1196 1833 hainen
1211 1767 1369 1833 ·Voruurf
1390 1787 1437 1832 zu.

257 1872 339 1935 hanc
361 1869 424 1936 lere
446 1870 636 1935 sententiam
662 1869 759 1953 exigit
786 1869 939 1936 distichon
959 1889 977 1935 a
998 1869 1147 1935 Merkelio
1169 1869 1256 1936 obelo
1285 1871 1439 1952 notatum,

160 2050 163 2058 ¹
258 1972 403 2039 aRiesio
426 1973 494 2038 sine
517 1972 607 2038 obelo
630 1974 759 2038 editum.

359 2104 429 2168 Iam
452 2107 488 2167 ut
511 2103 732 2187 omnisonae
761 2103 795 2167 in
825 2103 873 2167 his
896 2102 1072 2182 offendunt,
1096 2102 1157 2168 di'ci
1179 2084 1268 2184 posse
1290 2101 1322 2166 in
1346 2119 1436 2185 prae·

256 2205 359 2270 sentia
380 2207 593 2285 concedamus,
616 2205 684 2271 iure
706 2206 785 2272 mihi
807 2205 895 2270 idin
911 2205 1020 2289 primis
1037 2207 1247 2288 quaerendum
1263 2223 1329 2270 esse
1351 2206 1438 2270 vide·

256 2313 315 2386 tur,
332 2308 451 2391 dequo
474 2310 549 2374 haec
565 2309 649 2375 diota
673 2309 747 2375 sint.
771 2329 847 2373 num
862 2310 900 2374 de
923 2307 1048 2392 puellis,
1071 2311 1153 2391 quod
1167 2307 1229 2372 viri
1244 2308 1328 2374 docti
1343 2308 1440 2392 uulgo

256 2412 413 2490 statuunt,
452 2412 483 2476 et
514 2413 594 2495 quod
625 2432 722 2478 unum
753 2411 850 2477 statui
881 2412 978 2495 possit
1008 2416 1102 2476 meret
1125 2412 1259 2478 lectione
1282 2410 1440 2493 probata?

254 2519 286 2579 at
315 2518 353 2580 de
382 2514 421 2578 iis
451 2517 534 2579 certe
563 2516 692 2598 puellis,
731 2515 770 2580 ad
801 2534 876 2598 ques
907 2534 1014 2581 versus
1044 2516 1264 2580 antecedentes
1296 2515 1365 2578 tam
1389 2533 1440 2579 ue·

254 2621 361 2683 nustos
372 2620 498 2701 tamque
510 2619 627 2702 lepidos
643 2637 804 2685 conuersos
820 2638 886 2684 esse
898 2619 1049 2698 videmus,
1063 2617 1193 2683 Ouidius
1205 2617 1361 2683 iudicium
1372 2620 1441 2684 tam

239 2722 366 2786 durum
389 2721 468 2786 ferre
490 2739 551 2786 uon
572 2722 690 2804 potuit,
713 2725 750 2786 ut
774 2721 892 2788 diceret
914 2742 1021 2787 earum
1044 2722 1077 2787 id
1107 2718 1280 2805 tautum³⁷)
1312 2721 1439 2800 referre,

255 2828 486 2906 quaepararent
502 2827 533 2888 et
546 2843 621 2907 quos
633 2843 753 2889 umores
764 2830 963 2890 venarentur.
980 2826 1085 2908 itaque
1094 2825 1283 2890 ‘fortasse-de
1299 2824 1386 2904 viris,
1401 2825 1440 2889 de

255 2944 386 3009 quorum
409 2927 495 2992 cultu
518 2930 549 2991 in
574 2921 715 3002 uersibus
739 2928 994 2995 antecedentibus
1019 2927 1116 2995 verba
1137 2928 1212 2994 fecit
1234 2931 1338 3011 poeta,
1363 2931 1438 2994 haec

255 3029 370 3094 iniecta
393 3032 476 3108 sunt,
499 3029 532 3094 id
557 3034 637 3113 quod
661 3032 757 3097 dictio
775 3031 914 3097 oeooodo'
935 3032 1440 3098 amores-commendarevidetur

257 3133 577 3210 (cs.Arb.am.189:
601 3133 662 3198 Sed
684 3137 719 3198 tu
736 3135 910 3215 praecipuo
932 3133 1337 3216 oorvtsoeoarerueutrc,
1362 3135 1438 3201 Hor.

254 3237 311 3319 Ep.
328 3235 344 3300 I
362 3241 389 3302 1.
408 3235 448 3301 78
471 3237 594 3316 uiduus,
618 3238 750 3321 scepei?
780 3257 816 3302 uc
845 3257 877 3302 re
902 3257 975 3304 uera
997 3238 1035 3302 ad
1058 3238 1141 3304 viros
1165 3240 1196 3303 et
1218 3237 1277 3304 hoc
1300 3239 1334 3303 et
1357 3239 1437 3322 quod

255 3338 392 3422 sequitur
409 3339 569 3405 ‘distichon
584 3359 731 3407 conversa
747 3341 808 3407 sibi
822 3340 948 3405 linxisse
964 3341 1108 3406 librarios
1124 3359 1159 3405 ex
1175 3360 1212 3406 eo.
1226 3343 1434 3423 cognoscitur,

250 3444 334 3524 qnod
357 3443 388 3506 iu
412 3461 440 3507 v.
464 3444 667 3526 29·plerique
690 3437 809 3510 codices
833 3445 980 3511 exhibent
1002 3446 1214 3512 masculinum
1242 3444 1318 3510 illos
1352 3446 1433 3510 etin

255 3564 283 3609 v.
307 3544 350 3609 30
371 3545 489 3628 aliquot
511 3547 608 3610 cultos
634 3549 760 3629 (cultus)
784 3565 838 3629 pro
861 3548 972 3615 cottas,
1002 3552 1056 3614 sed
1080 3549 1105 3613 si
1128 3568 1176 3613 vv.
1201 3549 1333 3614 26—30
1354 3549 1434 3613 inter

254 3665 286 3710 se
302 3647 463 3713 cohaerere
478 3650 634 3730 putamus,
659 3652 690 3715 id
706 3653 793 3732 quod
805 3644 939 3717 editores
954 3653 1111 3735 hucusque
1128 3669 1234 3717 omues
1250 3654 1434 3729 statuerunt,

254 3749 424 3831 distichon,
454 3755 489 3817 de
523 3771 582 3834 quo
613 3771 713 3817 sermo
737 3758 801 3833 est,
831 3756 868 3819 de
888 3756 976 3820 uiris*
990 3755 1109 3821 dictum
1139 3774 1293 3820 essenon
1324 3757 1433 3838 potest.

253 3853 334 3936 quod
356 3857 388 3919 et
411 3872 459 3920 vr.
482 3855 524 3919 26
548 3857 579 3918 et
601 3855 642 3921 29
663 3858 823 3939 perspicue
847 3860 885 3922 ad
913 3858 1035 3941 puellas
1058 3863 1202 3942 spectant
1228 3860 1271 3940 (v.
1295 3858 1339 3923 29
1368 3876 1435 3944 pro·

252 3957 520 4041 pteufluyoutquc
541 3975 654 4035 comae,
678 3959 717 4025 cs.
730 3961 769 4026 A.
785 3980 813 4024 a.
831 3961 942 4026 1306:
967 3961 1051 4044 Quid
1073 3963 1184 4026 totiens
1193 3961 1320 4043 poeotes
1341 3962 1435 4047 [tofis

251 4061 362 4142 inepto
384 4061 534 4141 coenosi),
558 4061 640 4125 unde
663 4061 702 4126 ed
724 4061 852 4127 lacunas
875 4066 917 4128 sit
940 4063 1191 4150 confugiendum,
1214 4064 1241 4128 si
1264 4083 1316 4129 vv.
1333 4066 1375 4131 27
1392 4083 1437 4150 sq.

255 4163 292 4229 de
316 4164 389 4228 uiris
412 4163 594 4247 intellegere
617 4165 704 4228 velis.

359 4457 391 4525 ³⁷)
409 4457 485 4512 Hanc
503 4459 546 4511 vel
564 4457 679 4512 similem
698 4459 857 4526 particulam
876 4460 1023 4514 sententiae
1045 4460 1117 4514 color
1135 4461 1227 4530 exigit.
