2984 5040
555 1372 764 1534 ‘runs
806 1436 840 1533 r.

289 1705 291 1710 .
406 1629 436 1706 Ι.
465 1629 535 1707 De
553 1598 804 1727 'apparatu
839 1629 1021 1710 critice.

424 1785 426 1789 ’
486 1799 505 1866 Ι.
523 1799 567 1867 llo
586 1801 703 1870 codice
721 1802 889 1870 llarclauc
907 1801 946 1868 ll.

230 1933 386 2036 Omnium
410 1973 568 2051 librorum,
593 1993 668 2056 quos
685 1974 833 2040 adhibere
856 1975 999 2058 contigit,
1023 1972 1260 2055 antiquissimus
1276 1975 1311 2035 ot

124 2074 411 2154 praestantissimus
436 2080 483 2140 est
505 2076 684 2142 Marcianus
707 2078 916 2157 Florentium,
953 2079 1005 2160 qui
1039 2096 1110 2142 cum
1146 2076 1240 2140 etiam
1274 2074 1308 2138 in

125 2175 281 2240 Tristibus
305 2180 337 2241 et
359 2178 391 2241 in
414 2178 502 2243 Nuce
525 2180 566 2242 sit
587 2179 756 2260 primarius
773 2180 999 2269 necdumsatis
1016 2185 1160 2266 accurate
1175 2197 1306 2261 usquam

126 2277 306 2370 descriptus,
332 2280 438 2369 fusius
457 2282 639 2370 tractandus
664 2302 728 2347 esse
748 2265 902 2347 videtur*

224 2381 298 2446 Fuit
320 2384 419 2464 igitur
442 2370 517 2448 olim
539 2385 590 2449 hic
613 2371 706 2451 codex
727 2371 938 2452 bibliothecae
962 2390 1129 2451 conventus
1153 2384 1184 2450 S.
1198 2385 1309 2462 Marci,

125 2486 205 2565 quod
229 2489 303 2548 nota
325 2485 358 2548 in
382 2486 456 2550 folio
472 2486 571 2551 codici
586 2488 718 2570 praefixo
734 2487 890 2571 asersual)
915 2490 1185 2571 commemoratur,
1208 2487 1307 2569 insig-
1345 2565 1346 2569 Ἰ

125 2587 210 2650 nitus
234 2607 364 2654 numero
387 2590 460 2663 223,
486 2609 566 2654 nunc
589 2592 771 2655 adservatur
786 2593 818 2656 in
834 2591 909 2656 bibl.
927 2589 1307 2655 Melicae-Laurentiano.

126 2693 248 2756 constat
271 2697 377 2758 autem
399 2695 484 2759 soliis
502 2696 543 2759 ΤΟ
558 2696 813 2778 membranaceis,
837 2697 879 2760 34
895 2715 954 2760 cm.
979 2694 1064 2771 altis,
1082 2695 1123 2758 23
1139 2711 1198 2757 cm.
1215 2690 1307 2768 latis;

126 2795 218 2859 binae
252 2798 326 2859 sunt
359 2794 393 2859 in
426 2797 557 2878 singulis
591 2798 714 2879 paginis
748 2799 922 2862 columnaew
945 2815 1091 2862 versuum
1124 2795 1307 2875 plerumque

125 2898 252 2963 55-57
276 2901 398 2980 praeter
420 2898 489 2981 55¹³,
514 2919 591 2981 quae
615 2902 729 2984 pagine
751 2903 899 2983 quattuor
922 2901 1018 2966 habet
1041 2902 1211 2966 columnas.

228 3000 294 3065 Fol.
321 3004 335 3063 1
362 3005 512 3082 usquead
535 3002 592 3068 552
614 3003 752 3068 continet
774 3003 870 3068 libros
894 3002 1191 3084 Metamorphosesin,
1259 3039 1264 3048 ,
1307 3027 1309 3036 ⁴

184 3108 188 3116 '
228 3103 293 3167 Fol.
317 3101 373 3170 55¹>
411 3105 527 3168 librum
553 3106 651 3170 Nucis
685 3110 716 3170 et
747 3106 890 3171 libellum
919 3110 956 3172 de
991 3106 1193 3171 medicamine
1216 3104 1309 3169 faciei

126 3208 170 3272 sic
187 3209 372 3289 inscriptum
388 3210 458 3289 post
478 3209 557 3272 illud
574 3207 797 3274 EXPLICIT
810 3208 960 3275 LIBER
983 3208 1018 3274 N
1025 3206 1128 3274 UOIS
1154 3204 1315 3273 OVIDII

125 3309 347 3376 NASONIS:
357 3311 579 3377 EIVSDEM
590 3312 780 3378 INCIPIT
789 3312 1022 3404 LIBELLVS
1032 3311 1101 3376 ΒΗ
1113 3310 1309 3377 MHDIGA-

127 3413 264 3478 MINH
283 3413 469 3480 FAGIHY
489 3415 755 3498 FHMYNHH3
800 3418 1014 3498 subscriptum
1048 3417 1095 3480 est
1134 3416 1213 3480 nihil
1247 3416 1309 3479 nisi

129 3517 311 3603 „aemes
1250 3573 1252 3577 ,

172 3701 175 3709 ,
226 3623 291 3686 Fol.
315 3620 477 3686 Irbl--IOb
504 3622 649 3687 exhibent
680 3622 775 3687 libros
798 3622 958 3687 Tristium.

229 3727 266 3791 In
282 3729 348 3790 toto
371 3728 477 3790 autem
500 3726 604 3791 codice
619 3727 838 3817 distinguenda
861 3731 934 3789 sunt
957 3727 1033 3791 folia
1056 3726 1185 3807 antiqua
1209 3728 1241 3789 et
1263 3745 1309 3790 re-

127 3829 238 3906 centia,
251 3829 536 3894 saec.XIV.-XV.
549 3832 727 3912 perscripta.
745 3835 909 3912 postquam
926 3832 1008 3894 enim
1024 3829 1310 3911 antiquorumque.

129 3971 332 3981 ——-—..—.

149 4104 165 4115 N
231 4037 250 4100 ²)
264 4033 347 4086 Liber
363 4035 519 4090 Conventus
535 4021 587 4090 scii
605 4035 697 4088 ΜονοοΙ
710 4034 744 4088 cle
762 4020 808 4100 sla
826 4037 871 4100 (=
883 4036 1021 4103 florentin)
1040 4033 1113 4088 orus
1129 4033 1310 4102 pidicotoram

128 4120 201 4173 bitus
218 4135 236 4170 a
253 4119 299 4183 fr'e
321 4120 437 4190 Georpo'o
455 4122 528 4175 Aeto
550 4122 695 4190 uespcccio
713 4122 770 4187 {ibo
787 4122 881 4176 actico
900 4124 978 4175 1499.

229 4206 324 4259 Frater
333 4207 466 4274 Georgius
478 4207 611 4260 Antonius
622 4207 782 4274 Vespnccius
792 4195 902 4274 patruus
916 4211 955 4259 est
970 4206 1095 4259 celebrati
1105 4207 1180 4258 illius
1191 4205 1309 4258 Americi

126 4290 273 4359 Vespnccii,
292 4293 392 4360 optime
410 4293 523 4346 meritus
542 4291 574 4346 de
592 4291 659 4346 bibl.
672 4294 697 4346 S.
711 4292 804 4358 Marci,
825 4291 1001 4345 Savanarolae
1020 4292 1114 4355 socius,
1135 4295 1255 4344 mortuns
1267 4289 1311 4343 die

126 4376 211 4430 XVII.
230 4377 333 4446 Aprilis
352 4395 375 4432 a.
397 4383 471 4432 1518.
490 4379 541 4447 (cf.
556 4378 682 4446 Barcini,
700 4379 785 4433 Catal.
805 4377 879 4433 codd.
898 4379 947 4432 lat.
965 4377 1029 4431 bibl.
1050 4378 1119 4433 Med.
1137 4379 1216 4432 Laus.
1229 4380 1250 4430 t.
1263 4375 1309 4430 IV.

129 4464 212 4531 praei.
231 4479 256 4532 p.
275 4463 410 4530 XXXIV.)
