2984 5040
211 1621 246 1684 P.
274 1619 379 1684 Ovidii
408 1618 542 1685 Nasonis
565 1619 692 1685 libellus
716 1621 753 1685 de
784 1620 988 1686 medicamine
1011 1618 1101 1684 faciei
1130 1621 1199 1702 plus
1228 1640 1288 1686 uno
1341 1692 1345 1701 ,

110 1724 233 1789 nomine
264 1725 375 1806 dignus
400 1742 466 1788 esse
501 1724 632 1802 videtur,
664 1726 726 1806 qui,
762 1725 1063 1806 quantuluscumque
1099 1728 1161 1798 est,
1199 1725 1287 1788 nouis

108 1829 191 1892 11111
214 1827 323 1891 edatur
347 1828 440 1909 atque
462 1827 587 1891 omnino
611 1830 773 1891 tractetur.

212 1950 253 2013 Et
275 1949 380 2011 textus
403 1948 545 2031 quidem,
579 1966 639 2029 quo
667 1948 756 2012 hodie
785 1948 878 2031 vulgo
909 1947 955 2011 uti
986 1949 1135 2025 solemus,
1167 1949 1302 2014 Menke·

110 2053 228 2117 lianum
258 2052 325 2115 dico
355 2058 387 2115 et
410 2051 604 2131 Riesianum‚
628 2069 706 2133 quae
736 2052 778 2114 sit
802 2051 949 2128 condicio,
975 2051 1089 2115 euhoe
1112 2069 1173 2116 uno
1196 2051 1287 2117 facile

109 2157 212 2238 potest
236 2155 341 2231 conici,
365 2155 447 2235 quod
462 2155 499 2219 R.
517 2154 696 2232 1111111111,
720 2154 918 2236 quantumuis
933 2153 1007 2218 lieet
1023 2156 1055 2218 in
1071 2157 1182 2219 ceteris
1197 2156 1287 2220 rebus

110 2259 260 2322 meruerit
284 2258 320 2322 de
344 2256 465 2334 Ouidio,
489 2259 528 2321 ad
551 2259 633 2321 bunc
656 2258 800 2322 libellum
828 2258 1051 2322 recensendum
1081 2260 1172 2323 unius
1197 2260 1288 2342 atque

112 2465 349 2545 Guelferbytani
380 2464 455 2528 olim
476 2465 739 2537 Helmstadiensis
763 2466 835 2544 336,
866 2466 1020 2529 chartacei
1048 2465 1189 2529 exeuntis
1210 2484 1286 2530 saec.

109 2567 177 2632 XV.
202 2567 255 2648 (cf.
281 2571 326 2632 ed.
353 2568 471 2634 Teubn.
496 2588 522 2632 1.
548 2568 629 2632 1871
654 2569 713 2634 vol,
737 2569 763 2632 Ι.
785 2589 816 2651 p.
833 2569 903 2650 Vl),
927 2567 1078 2655 quoduce
1101 2568 1156 2632 ille
1178 2570 1287 2650 poetae

110 2671 203 2734 verba
230 2670 307 2757 locis
329 2671 494 2752 permultis
522 2671 689 2737 immutare
713 2688 773 2734 non
796 2671 966 2735 dubitauit:
1001 2670 1095 2752 idque
1129 2687 1164 2734 eo
1187 2674 1286 2755 magis

109 2775 159 2837 111
180 2773 368 2849 mirandum,
395 2774 477 2855 quod
500 2771 686 2837 Merkelium
715 2775 753 2836 ad
777 2773 928 2837 Tristium
952 2777 983 2836 01
1006 2773 1170 2838 Fastorum
1191 2774 1287 2839 libros

109 2878 308 2941 recensendos
332 2879 452 2942 codices
469 2879 664 2960 11111110111,
689 2878 742 2960 qui
765 2882 795 2942 11
812 2877 869 2942 hoc
884 2877 1076 2958 poematium
1093 2879 1286 2956 exhibebant,

109 2979 287 3045 adhibuisse
317 2985 449 3046 constat.
494 2987 532 3047 A.
557 2983 650 3046 Riese
683 2985 787 3046 autem
815 2983 848 3045 in
879 2981 1013 3045 editione
1035 2983 1287 3061 {Tauchnitziana

111 3084 186 3147 anni
211 3083 291 3150 1811
317 3084 470 3148 librorum
495 3086 619 3150 1111110
644 3086 807 3149 destitutus
828 3084 972 3148 Merkelii
993 3089 1114 3148 textum
1129 3087 1287 3169 integrum

109 3187 351 3269 repraesentavit
376 3188 469 3271 (11.1.
494 3189 519 3253 1.
542 3189 639 3271 praef.
661 3210 691 3271 p.
715 3188 785 3269 XV)
805 3191 836 3253 et
852 3189 885 3252 L.
909 3189 1050 3261 Mueller,
1075 3189 1128 3269 qui
1150 3208 1178 3253 a.
1204 3189 1284 3253 1861

108 3288 212 3355 Ouidii
235 3295 373 3355 carmina
396 3293 547 3356 amatoria
570 3294 739 3374 separatim
763 3292 870 3367 edidit,
897 3291 978 3355 hunc
1001 3290 1144 3355 libellum
1170 3293 1287 3358 omisit.

212 3411 337 3477 811110
361 3414 456 3501 altius
479 3415 663 3496 1111111111,
693 3417 730 3478 de
754 3413 942 3477 editionibus
965 3417 1035 3493 post
1058 3413 1097 3476 N.
1122 3411 1286 3475 Heinsium

108 3515 223 3578 curatis
245 3515 277 3578 id
302 3516 450 3580 statuisse
473 3517 620 3594 sufficiat,
655 3517 827 3595 neminem,
862 3519 942 3596 quod
966 3518 1078 3594 sciam,
1113 3519 1183 3596 post
1205 3517 1287 3583 hunc

108 3617 268 3681 inventum
286 3637 360 3700 esse,
378 3620 430 3700 qui
453 3621 491 3684 ad
513 3622 634 3683 tentum
658 3620 911 3686 constituendum
934 3619 1029 3683 libros
1044 3637 1140 3682 manu
1156 3619 1285 3702 scriptos

106 3719 285 3797 adhiberet,
309 3724 370 3786 nisi
394 3723 480 3804 quod
498 3723 528 3787 J.
553 3719 625 3786 Chr.
649 3721 732 3786 Jahn
761 3722 795 3785 in
823 3721 870 3785 ed.
894 3741 922 3785 a.
948 3721 1029 3786 1828
1059 3740 1139 3786 nova
1169 3722 1284 3787 codicis

108 3821 379 3902 Helmstadiensis,
403 3826 440 3889 de
464 3842 523 3906 quo
546 3843 640 3906 supra
655 3825 799 3902 diximus,
816 3823 983 3889 collatione
998 3841 1016 3885 a
1031 3821 1153 3906 Silligio
1177 3828 1284 3889 curata

107 3943 180 3988 usus
203 3929 251 3990 est
283 3927 333 4007 (ci.
358 3928 381 3989 t.
406 3926 448 3990 ll.
472 3926 568 4008 praei.
592 3947 621 4008 p.
645 3926 728 3995 XXl.
753 3945 918 4008 quaecum
942 3927 988 3989 ita
1011 3925 1085 4003 sint,
1109 3927 1174 3990 iam
1197 3928 1283 3990 uide·

105 4047 210 4106 amus,
245 4049 303 4111 quo
337 4031 428 4094 modo
455 4032 602 4095 Heinsius
636 4033 702 4112 ipse
735 4050 865 4094 munere
897 4029 1003 4094 critico
1032 4031 1065 4093 in
1094 4030 1216 4105 libelle,
1246 4029 1283 4093 de
1319 4028 1325 4087 Ι

105 4151 167 4214 quo
191 4134 306 4216 agitur,
329 4135 492 4199 tractando
516 4135 642 4199 iunctus
665 4135 718 4198 sit.

208 4255 246 4318 In
269 4255 449 4319 universum
482 4256 579 4340 igitur
612 4255 702 4319 bodie
730 4257 853 4337 quidem
883 4259 963 4319 certe
995 4273 1084 4319 nemo
1119 4273 1178 4318 uon
1200 4253 1284 4318 uidet

104 4357 230 4422 Heinsii
253 4361 407 4424 rationem
429 4361 503 4424 artis
527 4360 651 4423 criticae
674 4359 865 4423 factitandae
893 4359 957 4423 iam
987 4377 1047 4420 non
1070 4358 1108 4422 iis
1130 4357 1282 4434 sulficere,

104 4480 184 4542 quae
201 4467 259 4527 boc
282 4473 421 4543 tempere
437 4464 470 4527 in
487 4463 544 4528 bac
567 4466 631 4527 arte
648 4464 824 4546 exiguntur.
848 4462 921 4544 quid
938 4480 1050 4544 quaeso
1065 4461 1184 4525 talibus
1200 4462 1282 4526 notis

1167 4568 1182 4617 1
