2984 5040
637 403 849 467 „62-

194 632 197 638 -
254 592 363 677 Neque
386 597 492 659 tamen
516 592 613 658 eiecta
628 592 869 675 interpolatione
892 592 1001 676 aptum
1025 587 1244 671 consequimur
1267 605 1336 652 sen·

152 697 324 763 tertiorum
340 715 491 762 conexum
513 700 605 779 atque
628 697 804 775 decursum,
826 696 923 762 immo
946 695 1115 761 etiamtum
1129 693 1212 756 inter
1231 710 1278 755 vv.
1294 690 1337 755 26

153 802 184 865 et
206 801 248 866 29
270 801 338 866 hiat
360 800 468 881 oratio,
493 818 564 865 cum
586 801 649 864 iarn
672 800 846 882 Hertzberg
868 800 889 865 l.
906 818 930 864 c.
954 798 1125 874 distichon,
1150 797 1232 878 quod
1255 797 1336 858 trac·

151 905 264 982 tamus,
287 903 429 986 quamvis
453 903 622 968 audacibus
646 905 831 968 coniecturis
855 899 1059 983 afflictum³⁸)
1082 900 1271 976 dubitanter,
1299 901 1335 962 ut

152 1007 286 1090 videtur,
310 1006 477 1072 defendens
499 1010 572 1071 ante
596 1027 624 1070 v.
648 1006 688 1071 27
711 1005 857 1073 lacunam
880 1011 1000 1072 exstare
1024 1003 1230 1071 contenderit.
1262 1002 1333 1085 quid

152 1114 259 1175 autem
282 1111 424 1176 versibus
447 1112 512 1176 iam
529 1110 697 1192 deperditis
712 1111 808 1174 fuerit
830 1129 1020 1193 expressum,
1043 1108 1104 1173 etsi
1128 1105 1260 1171 difficile
1275 1108 1331 1183 est,

151 1217 188 1278 de
221 1215 383 1296 poetarum
416 1215 448 1279 in
483 1214 592 1296 primis
628 1211 731 1280 Ovidii
765 1215 930 1279 sententiis
968 1214 1072 1278 facere
1110 1210 1331 1286 coniecturam,

151 1321 258 1381 tamen
281 1336 352 1381 curu
375 1317 479 1399 aliqua
502 1316 732 1399 probabilitatis
760 1318 863 1399 specie
887 1317 961 1381 haec
990 1316 1172 1399 suspiceris:
1204 1313 1332 1379 fortasse

153 1421 289 1499 monuit,
324 1412 417 1503 quam
450 1440 560 1504 parum
592 1421 696 1485 cultus
731 1439 805 1485 oure
835 1422 1011 1486 conveniret
1033 1421 1162 1484 naturae
1184 1418 1331 1493 virorum,

152 1543 223 1589 cunr
246 1525 424 1608 puellarum
441 1525 553 1590 na'tura
576 1525 644 1608 ipsa
659 1526 777 1592 formae
800 1543 836 1590 ao
857 1524 1077 1590 faciei'curam
1102 1521 1254 1605 exigeret3
1278 1521 1331 1585 hae

152 1629 244 1708 enirn,
269 1629 314 1693 ita
338 1630 441 1711 pergit
467 1630 576 1710 poeta,
598 1632 646 1694 vel
669 1649 740 1694 rure
762 1631 894 1694 latentes
917 1628 948 1692 et
976 1630 1008 1693 in
1031 1626 1116 1692 Atho
1139 1628 1244 1691 monte
1268 1624 1331 1707 ipso

153 1732 380 1796 commorantes
403 1732 521 1797 formae
551 1732 650 1798 cultui
679 1733 863 1798 inserviunt.
901 1731 976 1796 haec
998 1729 1097 1814 igitur
1120 1727 1183 1793 fere
1206 1724 1331 1792 interei-

152 1835 224 1897 dere
246 1837 422 1917 potuerunt,
452 1837 540 1900 cuius
563 1836 690 1900 lacunae
712 1835 900 1919 supplendae
915 1834 1088 1917 periculum
1110 1832 1161 1897 sat
1182 1830 1330 1895 miserum

152 1939 289 2020 superest
310 1937 343 2001 in
367 1939 533 2017 codicibus,
557 1959 593 2002 ex
616 1940 727 2021 quibus
743 1938 919 2003 Marcianus
943 1937 1023 2002 illud
1045 1937 1206 2017 integrum
1229 1949 1329 1999 serva·

100 2051 107 2060 ·
154 2038 235 2103 visse
257 2038 390 2105 videtur.

255 2141 342 2222 Quod
365 2143 398 2207 in
422 2164 449 2208 v.
473 2145 515 2209 30
537 2145 648 2227 optimi
677 2144 751 2210 libri
780 2163 835 2228 pro
859 2144 944 2208 ottus
967 2142 1113 2207 exhibent
1134 2140 1238 2226 soltus
1269 2140 1328 2203 sine

153 2244 246 2309 dubio
269 2265 305 2310 ex
326 2265 342 2309 s
365 2246 471 2311 littera
492 2248 699 2312 antecedentis
722 2248 866 2313 vocabuli
881 2248 984 2311 cultos
999 2263 1159 2330 perperam
1174 2244 1327 2328 geminata

153 2351 256 2413 ortum
291 2352 344 2412 est.
390 2348 475 2412 altos
509 2351 668 2433 epitheton
701 2351 802 2415 monti
838 2350 922 2414 Atho
950 2350 1156 2427 attributum,
1192 2347 1325 2431 quamvis

152 2469 263 2532 parum
285 2451 418 2535 elegans,
443 2453 618 2519 nonhabet
641 2454 723 2537 quod
746 2454 896 2530 offendat;
921 2455 1016 2519 etiem
1039 2451 1149 2536 Hybla
1173 2451 1232 2533 (ΕΣ
1248 2450 1325 2515 Ρ.Π

153 2555 182 2621 7.
206 2555 273 2639 26),
296 2554 389 2637 Erpa
416 2557 497 2637 (nrt.
522 2575 581 2621 am.
607 2556 640 2621 ΙΙ
661 2555 751 2638 420),
779 2555 956 2620 Maenalon
978 2557 1066 2633 (Met.
1089 2554 1124 2618 ΙΙ
1146 2555 1235 2637 442),
1258 2554 1321 2633 Ida,

152 2658 205 2723 alii
227 2661 346 2723 montes
370 2660 527 2741 iidemque
550 2659 719 2725 medioeres
743 2659 803 2724 atto
826 2660 1021 2743 appellantur
1043 2658 1082 2723 ab
1107 2657 1229 2724 Ovidio.
1366 2740 1368 2745 Α

256 2761 292 2826 V.
308 2762 346 2825 31
372 2761 445 2826 libri
468 2762 533 2827 fere
556 2782 662 2828 omnes
686 2763 833 2828 exhibent
847 2781 1056 2844 quoecumque
1077 2760 1234 2842 uoluptas,
1257 2779 1321 2845 quae
1366 2760 1368 2837 ῗ

152 2863 343 2944 pronominis
367 2865 466 2930 forma
490 2867 597 2931 multis
621 2866 790 2949 displicuit.
807 2866 955 2931 Heinsius
978 2864 1077 2929 edidit
1099 2867 1319 2947 quotocumque,
1366 2882 1368 2887 ’

153 2966 183 3030 id
207 2966 286 3048 quod
315 2969 409 3031 etiam
438 2969 637 3034 Burmannus
667 2971 826 3052 amplexus
857 2973 920 3048 est,
955 2968 1124 3034 Merkelius
1158 2987 1195 3034 ex
1222 2970 1319 3034 Helm-

152 3068 301 3133 stadienei
323 3071 513 3151 cuicumque.

255 3172 407 3254 Equidem
444 3192 621 3256 pronomem
662 3195 869 3256 quoecumque
904 3177 1099 3241 retinendum
1138 3195 1203 3240 esse
1232 3193 1319 3258 neque
1365 3124 1368 3221 1

152 3273 254 3340 ullum
277 3277 361 3341 aliud
384 3276 451 3341 sine
473 3296 581 3342 sensus
605 3278 717 3364 damno
741 3279 850 3343 inferri
873 3298 962 3362 posse
984 3280 1069 3361 puto.
1093 3279 1142 3343 est
1157 3278 1242 3343 enim
1257 3280 1320 3343 haec

153 3377 305 3442 adiectiva
327 3378 420 3442 huius
436 3380 626 3462 pronominis
641 3381 741 3446 forma
756 3384 960 3464 praedicativi
982 3384 1050 3448 looo
1073 3380 1227 3460 adhibita,
1244 3382 1320 3446 cuius

152 3498 275 3543 sensum
291 3483 400 3562 copula
421 3488 466 3547 est
488 3484 650 3549 intellecta
672 3486 836 3551 vernacule
853 3487 901 3550 his
923 3486 986 3550 fere
1009 3487 1135 3551 reddere
1150 3501 1320 3567 possumus:

153 3581 226 3646 Sich
242 3584 342 3648 selbst
364 3606 402 3649 au
425 3588 561 3670 gefellen
584 3589 625 3653 ist
648 3589 745 3653 auch
769 3590 819 3653 ein
836 3590 1037 3674 Vergntigen,
1053 3607 1128 3672 mag
1143 3607 1177 3652 es
1193 3608 1259 3653 nun
1273 3587 1321 3650 vie

151 3687 263 3749 immer
286 3686 414 3752 bestellt
435 3692 502 3755 sein
528 3694 580 3773 (sc.
606 3693 655 3756 ein
678 3696 765 3757 recht
788 3693 1041 3776 uweifelhaftes);
1070 3694 1208 3777 proxime
1233 3692 1323 3776 igitur

152 3792 227 3856 haee
249 3789 437 3875 significatio
460 3794 580 3858 accedit
603 3794 643 3859 ad
665 3795 916 3876 qualiscumque,
941 3795 1022 3878 quod
1045 3795 1124 3859 item
1146 3794 1224 3860 olim
1247 3794 1323 3877 lege

152 3894 252 3960 batur.
278 3895 330 3976 qui
346 3899 565 3976 comparentur
587 3897 678 3962 hosce
701 3900 783 3963 locos
806 3898 915 3963 affero:
939 3899 1010 3962 Am.
1023 3898 1057 3963 Il
1075 3898 1125 3963 12.
1138 3899 1169 3976 6,
1185 3897 1242 3962 ubi
1258 3896 1325 3962 Ovi·

151 3998 220 4062 dius
243 3996 390 4082 glorians,
414 3999 495 4079 quod
511 4001 623 4080 virum,
649 4001 820 4080 custodem,
844 4003 970 4066 ianuam
987 3999 1152 4068 Corinnam
1168 4004 1327 4067 servantes

151 4100 309 4180 fefellerit,
323 4102 410 4167 Haeo
431 4108 485 4182 est,
509 4105 620 4187 inquit,
639 4107 812 4187 moecapuo
835 4106 969 4170 obtuto
983 4105 1083 4188 atquo
1097 4105 1274 4186 triumpho,
1289 4105 1330 4170 Ia

151 4225 232 4284 quo,
266 4225 529 4288 quaecumque
557 4213 615 4288 est,
639 4209 794 4292 sanquine
811 4210 937 4290 proedo
959 4214 1058 4294 cora,
1082 4208 1136 4275 ubi
1159 4209 1329 4276 Hertzbar·

255 4460 286 4527 ³⁸)
308 4458 367 4528 Quo
384 4475 412 4513 se
431 4474 552 4528 quaeque
566 4464 649 4525 paret
668 4474 718 4513 aec
736 4473 799 4527 quoa
816 4463 930 4512 venetur
948 4473 1051 4512 amores
1068 4457 1248 4515 R····meret.
