2984 5040
568 376 775 440 ,47-

313 688 382 766 ΙΙΙ.
412 684 801 767 Commentarius
829 687 1036 768 criticus¹

184 1048 230 1112 De
253 1047 453 1131 inscriptione
476 1066 559 1125 cum,
577 1048 658 1130 quod
674 1049 707 1113 in
721 1046 909 1131 praefatione
931 1046 1005 1125 dixi,
1023 1047 1183 1130 hucusque
1199 1068 1262 1115 non

79 1152 251 1233 constaret,
275 1171 353 1234 quae
374 1151 409 1216 in
432 1151 522 1216 libris
546 1149 782 1232 manuscriptis
805 1151 968 1234 legeretur,
993 1148 1052 1215 viri
1075 1151 1158 1217 docti
1182 1153 1262 1218 alius

78 1254 172 1320 aliter
188 1257 376 1321 statuerunt.
400 1253 519 1319 etenim
535 1272 605 1317 cum
616 1260 736 1319 veteres
754 1253 886 1319 editores
902 1252 994 1335 vulgo
1006 1251 1046 1317 de
1058 1253 1264 1320 medicamine

77 1356 177 1440 facici
198 1356 436 1440 inscripsissent,
459 1355 595 1436 Heinsii,
619 1358 654 1421 ut
676 1355 808 1435 videtur,
832 1356 934 1421 aetate
957 1358 1130 1439 excogitata
1144 1359 1193 1422 eet
1214 1357 1263 1422 in-

79 1460 209 1545 scriptio
231 1459 446 1525 medicamiaa
465 1456 636 1542 faciei⁹⁸),
660 1479 754 1544 quam
781 1477 830 1525 vv.
854 1461 903 1526 dd.
927 1463 1036 1542 postea
1067 1460 1163 1543 vulgo
1196 1480 1264 1526 am·

78 1563 297 1650 plectebantur
312 1562 425 1630 leviter
447 1582 516 1628 eam
537 1564 742 1629 immutantes
765 1562 872 1644 (Iahnz
897 1563 1153 1628 Mediemaicam
1167 1562 1265 1645 faciei

80 1665 326 1751 frapmemcm),
351 1668 426 1732 dum
450 1667 620 1732 Merkelius
648 1685 664 1730 e
694 1665 795 1730 codice
824 1663 1066 1744 Guelferbytano
1095 1664 1264 1748 pristinam

79 1768 172 1836 illam
194 1768 231 1834 de
252 1767 459 1834 medicamine
480 1767 577 1850 facici
609 1768 762 1835 restituit.
800 1769 932 1853 denique
954 1768 1109 1835 Lucienus
1131 1768 1264 1835 Mueller

78 1873 114 1938 in
135 1871 218 1939 Mus.
240 1872 340 1938 Rhen.
363 1873 386 1936 t.
401 1871 471 1937 XX.
487 1891 517 1954 p.
534 1870 598 1938 256
621 1890 658 1936 ex
680 1871 769 1936 Artis
792 1872 961 1937 amatoriae
982 1871 1058 1937 libri
1079 1871 1131 1936 III
1153 1891 1181 1938 r.
1198 1872 1262 1939 205

78 1974 312 2041 inscribendum
346 1994 411 2041 esse
446 1975 568 2041 censuit
602 1972 818 2040 medicamina
848 1976 980 2058 formae,
1011 1993 1103 2056 quem
1130 1976 1262 2041 titulum

79 2076 199 2159 libello,
223 2097 315 2161 quem
337 2083 520 2160 tractamus,
544 2077 686 2162 praefixit
701 2077 890 2144 novissimus
904 2078 972 2144 eius
989 2078 1089 2143 editor
1103 2080 1142 2145 A.
1159 2079 1260 2146 Riese.

182 2182 275 2247 Nunc
301 2200 373 2248 varo
402 2182 481 2248 milri
503 2182 594 2247 libris
617 2181 759 2248 stabilita
781 2199 848 2246 esse
883 2180 1009 2247 videtur
1042 2182 1202 2267 inscriptio
1224 2182 1263 2248 de

75 2281 285 2351 medicamine
311 2285 425 2368 faciem
460 2285 537 2351 illud
564 2284 731 2366 femineae,
766 2285 826 2350 etsi
858 2286 925 2368 ipse
947 2286 1042 2351 titulo
1070 2306 1130 2352 non
1152 2286 1262 2366 adieci,

77 2389 186 2454 tamen
200 2387 315 2454 codicis
330 2388 482 2454 Marciani
497 2389 676 2454 auctoritati
699 2389 767 2454 dari
788 2406 878 2472 posse
900 2386 1067 2474 putem.⁹⁹)
1091 2409 1163 2456 nam
1179 2391 1260 2473 quod

76 2490 137 2556 hoc
159 2491 348 2558 attributum
375 2512 394 2559 a
416 2493 573 2559 codicibus
599 2493 725 2576 reliquis
748 2493 850 2572 abest,
873 2492 907 2558 id
929 2493 1061 2558 fortasse
1082 2495 1187 2576 potest
1211 2510 1259 2557 ar·

77 2594 191 2677 plicari
218 2614 263 2675 eo,
285 2596 367 2677 quod
394 2596 438 2675 is,
477 2614 570 2679 quem
592 2595 680 2660 varia
708 2592 916 2660 medicamina
949 2594 1145 2659 coniunxisse
1166 2612 1261 2678 supra

75 2699 228 2780 suspicati
239 2717 347 2764 snmus
361 2697 454 2785 (p29
463 2701 535 2782 sq.),
547 2717 618 2764 cum
630 2697 731 2781 primo
745 2698 813 2763 loco
828 2697 997 2781 possuisset
1008 2695 1046 2761 de
1055 2696 1262 2763 medicamine

76 2801 220 2880 cariam,
241 2802 478 2886 inscriptionem
503 2801 632 2868 alterius
655 2798 796 2884 opusculi
825 2799 875 2865 illi
909 2799 1090 2884 respondere
1112 2800 1261 2867 voluerit:

77 2901 118 2968 de
138 2904 344 2971 medicamine
364 2905 470 2989 faciei.

183 3007 339 3074 libellam
362 3011 419 3076 hoc
441 3029 566 3076 carmen
588 3010 682 3092 poeta
696 3008 765 3091 ipse
787 3011 876 3075 vocat
898 3008 931 3074 in
946 3008 1016 3074 Art.
1032 3027 1093 3075 am.
1110 3005 1159 3072 III
1181 3007 1263 3074 206:

77 3108 141 3176 Ee
161 3111 250 3193 midi,
273 3131 335 3194 aaa
356 3112 428 3178 dici
449 3117 567 3178 cestrae
588 3112 801 3176 medicamina
820 3113 953 3196 formae,

121 3211 261 3294 Parcus,
284 3216 438 3281 cedema
459 3216 591 3299 procide,
615 3214 748 3295 deicidas,
772 3232 859 3296 opes.

77 3317 169 3384 Hirta
190 3336 308 3400 qaoque
325 3318 534 3400 praesidium,
552 3318 665 3398 laesae,
677 3319 802 3398 petitote
816 3316 944 3398 paellae
959 3315 1094 3401 (fiperac
1109 3317 1261 3402 Morkcl):

124 3420 201 3488 Noa
221 3426 265 3486 esi
281 3442 344 3504 pro
367 3422 479 3486 cedris
500 3441 557 3486 ars
578 3441 646 3486 mea
668 3421 760 3486 redes
781 3421 877 3485 iners.

183 3525 230 3590 De
256 3525 336 3591 facie
364 3525 386 3591 i.
409 3544 435 3590 e.
458 3525 551 3590 vultu
580 3543 612 3590 se
643 3524 841 3609 potissimum
863 3526 1005 3590 acturum
1034 3541 1101 3588 esse
1129 3522 1260 3590 Ovidius

77 3630 147 3713 ipse
168 3627 245 3694 dicit
265 3628 366 3711 primo
388 3627 490 3693 libelli
512 3646 617 3694 versu:
640 3626 780 3705 Discite,
819 3645 900 3709 qaae
930 3626 1046 3708 facicm
1068 3626 1258 3694 mmmadct

78 3750 158 3797 eitra
171 3730 308 3812 paellae.
329 3731 498 3814 singularis
521 3735 628 3797 autem
650 3750 797 3797 numerus
825 3731 863 3796 de
887 3730 1096 3797 medicamine
1116 3749 1171 3814 pro
1192 3731 1259 3797 tcto

78 3850 191 3917 genere
223 3837 390 3917 usurpatus
423 3852 485 3899 non
517 3834 618 3919 magis
651 3835 788 3919 offendit,
822 3851 916 3917 quam
950 3834 978 3899 si
1010 3833 1080 3916 qais
1108 3835 1147 3900 de
1178 3834 1259 3899 fucis

77 3937 206 4003 amarus
229 3954 312 4005 nunc
333 3938 437 4004 nostro
458 3955 595 4003 sermone
610 3936 762 4003 inscribat
782 3936 884 4004 dcte
906 3935 957 4001 die
979 3935 1154 4004 Schmialce.
1177 3937 1259 4020 quod

77 4040 119 4107 ad
146 4038 407 4123 significationem
430 4039 513 4106 vocis
535 4040 728 4106 medicamen
750 4041 803 4106 hic
824 4041 1022 4108 statuendam
1038 4038 1163 4117 attinet,
1186 4059 1259 4106 con·

80 4298 85 4305 ’
184 4278 215 4345 'i
232 4277 360 4335 uinces
377 4281 436 4350 inre
452 4279 653 4336 matroneum
670 4281 795 4336 aarum
817 4281 874 4336 an
889 4279 1070 4337 meam
1085 4280 1178 4348 sm,

183 4366 217 4435 ¹¹)
233 4364 357 4421 ‘lituum
373 4364 471 4422 codicia
489 4365 621 4422 Muciani
638 4367 794 4437 comprobat
808 4365 1191 4423 wiumowimticeucndcrn
1203 4365 1223 4420 l.
1233 4380 1257 4421 c.

82 4466 109 4522 1).
129 4455 189 4508 821.
