2984 5040
731 397 941 465 ..48-

248 593 333 658 fusos
346 594 434 658 video
449 591 483 654 in
497 589 603 654 lexicis
619 588 683 652 eta
705 587 884 651 Burmanno
907 586 946 650 ad
967 585 997 648 h.
1011 586 1032 649 l.
1049 583 1142 665 locos,
1164 583 1220 649 nbi
1235 583 1432 652 medicamen

248 696 355 762 fucum
378 696 577 760 iacentum
600 691 732 757 aolorem
748 689 861 767 uultui¹
876 689 1086 754 inducendum
1109 686 1266 771 significat
1295 689 1327 753 et
1349 709 1428 770 rem,

249 818 326 882 quae
354 797 453 863 vultui
482 797 640 861 medeatur
669 797 838 876 utaumque
871 792 964 857 laeso.
999 791 1087 856 iubet
1115 793 1198 857 enim
1227 793 1429 861 Burmannus

247 904 329 967 huna
351 901 452 966 locum
473 900 660 981 comparari:
692 896 833 962 Petronii
863 895 927 961 Sat.
954 895 1014 959 126
1041 895 1121 972 init,
1152 894 1206 960 ubi
1240 896 1278 960 de
1315 898 1430 964 ancilla

248 1006 405 1088 amplexus
420 1002 566 1068 vendenti
581 1002 657 1066 haee
669 1000 831 1084 leguntur:
855 1018 914 1080 qno
935 999 1019 1063 enim
1041 1003 1182 1081 spectant
1194 998 1294 1078 sacac
1308 1002 1429 1081 pectine

248 1127 360 1186 comae,
386 1125 445 1188 qna
469 1105 568 1188 facies
589 1103 796 1167 medicamine
818 1102 930 1167 attrita
951 1106 980 1166 ei
1001 1101 1161 1166 cantaram
1183 1122 1302 1185 qnopne
1324 1106 1429 1171 modiis

241 1211 436 1291 pandentia,
458 1227 518 1289 qno
539 1208 678 1270 incessas
699 1209 766 1269 arie
787 1205 986 1286 compositas.
1000 1256 1008 1272 .
1021 1229 1052 1291 .;
1086 1223 1145 1287 qno
1168 1206 1233 1272 loco
1256 1209 1429 1276 manifesta

248 1316 295 1379 est
321 1315 385 1380 funi
413 1310 461 1376 vel
490 1310 587 1376 lutati
610 1308 720 1374 coloris
752 1308 931 1392 (Schminlre
961 1327 1053 1374 sensu
1075 1313 1211 1393 proprio)
1231 1310 1428 1393 significatio.

249 1419 342 1500 atque
364 1416 448 1481 idem
473 1433 528 1498 pro
550 1413 611 1478 loci
634 1431 726 1478 sensu
748 1412 949 1477 statuendum
972 1416 1020 1476 est
1042 1412 1080 1476 de
1113 1412 1209 1478 altera
1239 1416 1321 1497 quod
1345 1416 1429 1480 Bur-

248 1537 380 1584 mannus
414 1518 523 1583 attulit
560 1515 708 1598 exemplo,
732 1516 806 1581 ibid.
835 1516 912 1581 102:
929 1520 1015 1597 pata
1040 1516 1190 1598 infectam
1219 1518 1430 1586 medicamine

246 1623 362 1706 faciem
378 1620 503 1686 dintins
517 1620 634 1685 darare
642 1637 746 1700 posse.

350 1743 492 1808 Alteram
524 1741 615 1809 illam
648 1740 918 1826 significationem,
953 1759 1045 1822 quam
1081 1758 1136 1806 nos
1163 1744 1195 1807 in
1224 1743 1429 1826 inscriptione

247 1848 471 1930 amplectamur
503 1844 682 1928 oportet³⁰),
716 1848 807 1929 poeta
840 1843 906 1927 ipse
927 1844 1030 1929 tangit
1052 1865 1081 1910 v.
1104 1845 1145 1909 61
1175 1846 1295 1912 dicens:
1331 1867 1429 1929 qnae·

246 1971 375 2032 campan
398 1949 516 2032 afficiet
549 1946 609 2012 tali
642 1947 848 2016 medicamine
869 1946 1007 2014 cndtnm.
1021 1997 1050 2014 ..
1100 1952 1148 2013 est
1175 1949 1249 2015 haec
1278 1951 1429 2032 primaria

247 2054 329 2120 vouis
347 2053 538 2117 mmnanrcn
554 2052 610 2131 vis,
635 2068 714 2132 qnae
738 2071 754 2115 e
777 2051 835 2116 loci
852 2051 998 2133 cuiusque
1014 2068 1106 2117 sensu
1121 2051 1244 2134 proprie
1266 2051 1427 2120 definitur.

246 2158 307 2222 huc
328 2157 449 2222 faciunt
472 2155 506 2218 hi
522 2155 601 2219 loci:
626 2153 694 2218 Iuv.
718 2153 763 2218 VI
785 2154 858 2233 412,
882 2154 946 2234 ubi,
969 2158 1136 2237 postquam
1159 2155 1277 2235 foliata,
1300 2177 1424 2241 panem,

245 2259 375 2341 pinguia
390 2259 583 2341 Poppaeana,
599 2257 649 2322 lae
663 2256 784 2334 asellae,
800 2260 836 2330 ut
852 2276 899 2321 res
915 2256 1027 2323 faeiem
1041 2257 1208 2323 femineam
1223 2263 1424 2326 emendantes

247 2362 509 2438 commemoravit,
540 2361 584 2425 sio
616 2359 720 2442 pergit
753 2361 859 2440 poete:
904 2359 966 2425 Sed
993 2380 1073 2442 qnae
1100 2362 1231 2426 mntatis
1259 2352 1425 2429 indacitnr

245 2468 336 2545 atpne
355 2464 476 2546 fooetnr
495 2461 552 2526 Tot
573 2460 835 2526 medicamindrns
858 2467 1016 2545 coctaepne
1038 2464 1179 2547 siliginis
1201 2466 1282 2547 offas
1296 2466 1425 2548 Accipit

245 2572 274 2632 ei
295 2565 457 2643 madidae,
480 2566 580 2648 facies
609 2563 730 2629 dicetur
750 2584 796 2628 an
817 2563 930 2630 nicae?
959 2566 1090 2632 Tertull.
1113 2568 1151 2632 de
1173 2569 1253 2651 virg.
1278 2570 1339 2636 vel.
1366 2571 1422 2635 12:

245 2673 320 2737 Iam
342 2676 371 2736 ei
392 2670 562 2734 consilinm
581 2669 704 2751 formae
723 2690 745 2733 a
766 2668 887 2749 specnio
905 2673 1017 2752 petant
1037 2669 1201 2751 etfaciam
1222 2674 1424 2738 morosiorem

246 2776 372 2840 lauacro
400 2776 577 2853 macerant,
610 2771 748 2852 forsitan
782 2771 943 2853 antiqno
970 2773 1178 2838 medicamine
1211 2775 1421 2857 interpolant3

243 2877 327 2941 idem
358 2876 395 2939 da
424 2873 728 2940 oultufem.115:
765 2875 851 2956 Qnae
884 2879 984 2941 cntem
1009 2875 1271 2943 medicaminibus
1297 2884 1423 2963 arpent,

232 2998 340 3065 ‚penas
362 2977 472 3042 radere
493 2977 671 3044 maculant.
684 3026 714 3043 ..

347 3099 392 3164 At
414 3116 483 3162 aum
506 3098 554 3180 iis,
578 3115 656 3178 quae
679 3096 824 3175 diximus,
846 3098 959 3163 titulus
983 3100 1095 3164 codicis
1111 3100 1264 3167 Marciani
1285 3103 1364 3168 satis
1380 3106 1423 3175 sii

246 3201 402 3278 munitus,
437 3201 528 3267 valde
566 3202 620 3266 ille
651 3200 782 3284 infringi
813 3201 936 3267 videtur
971 3204 1036 3268 louo
1069 3202 1158 3269 Artis
1197 3207 1292 3270 amat.
1328 3225 1423 3291 supra

245 3306 409 3389 adscripto,
434 3306 484 3370 aui
506 3306 630 3370 tantum
651 3304 764 3370 tribuit
784 3305 818 3369 L.
844 3304 983 3384 Mueller,
1008 3309 1043 3370 ut
1068 3306 1281 3373 medicamina
1302 3308 1423 3390 formae

245 3411 345 3491 ipsam
368 3426 433 3473 esse
457 3407 614 3490 opusculi,
643 3407 723 3490 quod
746 3407 932 3484 tractamus,
960 3407 1193 3492 inscriptionem
1215 3412 1421 3479 contenderit.

245 3513 299 3578 sed
322 3529 444 3590 vereor,
467 3530 505 3576 ne
527 3510 609 3593 plus,
632 3527 727 3593 quam
748 3528 803 3593 par
826 3511 901 3589 erat,
925 3511 954 3575 ei
976 3511 1123 3576 tribuerit
1146 3512 1192 3576 vir
1221 3512 1277 3578 ille
1301 3514 1420 3582 doctus.

245 3614 444 3697 nequeenim
460 3612 545 3679 aliud
560 3615 651 3698 poeta
667 3612 727 3677 nisi
750 3612 975 3678 summatim
998 3631 1035 3679 oa
1054 3613 1168 3698 tangit,
1192 3632 1271 3695 quae
1293 3616 1422 3684 libellus

245 3736 319 3785 ase
341 3716 526 3800 compositus
557 3715 802 3798 complectatur,
831 3715 864 3780 id
887 3717 968 3798 quod
991 3716 1150 3782 dicandi
1172 3721 1303 3785 verbnm
1328 3720 1420 3787 lucu·

245 3822 348 3887 tenter
369 3819 540 3886 confirmat.
574 3821 659 3884 certe
685 3819 771 3884 alind
792 3822 855 3899 est,
885 3821 965 3903 quod
993 3822 1031 3886 de
1053 3821 1205 3886 Amorum
1232 3821 1321 3888 libris
1343 3824 1424 3891 dicit

245 3923 374 3991 Ovidius
397 3924 478 4008 (Art
506 3926 600 3988 amat.
624 3923 675 3988 III
698 3923 794 4006 343):
823 3921 1000 4005 Decerpens
1026 3924 1133 4004 libris,
1166 3925 1317 3991 titnlns
1344 3945 1421 4009 qnos

247 4095 449 4106 —..-——

347 4182 376 4248 ³⁰)
395 4181 503 4235 Falsum
523 4181 653 4250 estquod
671 4180 807 4234 camelius
825 4182 884 4233 tum
902 4180 934 4233 iu·
950 4179 1046 4235 Jahnii
1067 4181 1182 4249 praefat.
1202 4197 1227 4250 p.
1241 4185 1292 4234 477
1310 4180 1418 4252 legitur

244 4270 272 4322 et
290 4268 375 4322 fusius
393 4268 532 4337 exponitur
555 4266 764 4336 aHertabergio
784 4266 949 4335 (Heilmittel
972 4283 1058 4336 gagen
1077 4267 1121 4322 die
1140 4267 1222 4322 Liebe
1241 4266 1297 4321 und
1314 4267 1420 4324 Sahdn·

245 4353 409 4409 heitsmittal
427 4353 554 4407 metrisch
573 4353 716 4417 dbarsetat,
736 4352 884 4422 Stnttgatt,
901 4348 1014 4408 Metaler
1032 4369 1059 4422 p.
1079 4357 1172 4421 1661),
1190 4353 1314 4409 Ovidium
1333 4355 1420 4409 etiam

243 4439 277 4494 de
292 4441 352 4507 faci
364 4440 553 4510 compositione
565 4440 613 4494 hoc
625 4440 750 4510 opuscula
762 4454 847 4508 egere.
867 4439 900 4496 ci.
913 4439 985 4494 infra
995 4439 1195 4496 adnotationem
1212 4441 1246 4495 ad
1258 4454 1366 4505 versum
1379 4444 1424 4495 98.
