2984 5040
717 379 904 442 .-.4-

218 563 335 643 officia,
359 582 437 646 quae
459 565 538 630 mihi
559 566 719 648 proposui,
749 568 890 632 exomni
913 571 1002 649 parte
1031 587 1097 633 esse
1126 568 1345 632 absoluturum
1369 570 1399 632 in

217 667 327 750 primis
348 671 435 750 prius
457 669 535 733 illud
565 670 667 734 textus
697 669 922 755 constituendi;
956 674 1009 737 sed
1037 675 1248 754 quodcumque
1278 672 1401 754 assequi

218 771 398 856 contigerit,
422 772 448 836 si
472 771 548 836 viris
570 772 669 836 doctis
692 772 786 837 fuerit
808 774 991 856 probatum,
1015 779 1081 841 toto
1104 778 1228 858 pectore
1251 775 1399 840 laetabor.

319 892 438 975 Restat,
472 895 508 957 ut
540 894 657 976 gratias
681 911 776 974 quam
798 894 949 959 maximas
972 894 1095 978 publice
1130 914 1221 979 agam
1255 895 1295 958 iis
1327 896 1400 959 viris

218 996 359 1079 egregiis,
383 997 435 1077 qui
458 995 492 1058 in
515 997 728 1078 comparandis
751 997 904 1085 librorum
926 1018 1025 1062 manu·
1048 1000 1233 1081 scriptorum
1257 999 1400 1063 collatio·

217 1097 307 1162 nibus
346 1097 478 1180 aliisque
513 1098 660 1163 subsidiis
694 1117 749 1181 ope
784 1118 839 1163 sua
872 1121 922 1165 me
958 1102 1089 1182 benigne
1123 1100 1329 1166 adiuverunt:
1366 1104 1396 1168 J.

173 1277 176 1296 Ι
216 1202 354 1282 Haupt,
369 1200 572 1266 bibliothecae
584 1202 740 1284 palatinae
749 1201 991 1270 vindobonensis
1004 1206 1108 1268 custos
1121 1204 1152 1267 et
1163 1206 1199 1267 A.
1209 1201 1302 1269 Geel
1311 1205 1330 1266 d
1340 1205 1351 1268 l
1361 1203 1400 1267 in

218 1305 260 1368 de
297 1303 537 1385 Tiefenau,
576 1305 715 1370 eiusdem
749 1306 955 1371 bibliothecae
988 1307 1121 1390 scriptor
1153 1306 1399 1372 humanissimus

216 1407 404 1473 Nicolaus
427 1408 610 1490 Anniani,
641 1428 709 1472 rev..
728 1409 932 1474 bibliothecae
955 1410 1182 1475 laurentianae
1212 1409 1398 1492 praefectus,

217 1509 266 1574 W.
280 1509 320 1574 N.
343 1510 390 1574 du
413 1510 526 1592 Rieu,
552 1511 773 1576 Universitatis
795 1511 970 1576 litterarum
994 1512 1207 1595 Lugdunensis
1230 1512 1400 1579 bibliothe-

217 1613 327 1691 carius,
361 1614 580 1695 Leopoldus
615 1615 812 1689 Delisle,
848 1614 923 1679 bibl.
958 1619 1022 1680 nat.
1060 1599 1218 1692 Parisinae
1255 1617 1398 1697 director,

217 1715 435 1781 Guilelmus
466 1719 607 1800 Meyer,
638 1717 714 1782 bibl.
738 1717 879 1799 publicae
901 1718 1095 1783 Monacensis
1119 1719 1303 1799 praefectus,
1328 1720 1397 1787 Ga-

94 1843 98 1851 ’
216 1821 323 1886 briel
344 1820 378 1883 M
386 1820 482 1899 oier,
513 1839 575 1884 rev.
590 1819 856 1902 bibliothecarius
890 1820 1128 1899 Einsiedlensis3
1159 1823 1291 1903 denique
1326 1843 1397 1889 cum

216 1941 339 1993 summa
368 1924 452 2006 grati
479 1923 576 1988 animi
606 1923 824 1988 testificatione
858 1925 931 1989 sunt
965 1926 1145 1990 nominandi
1179 1927 1272 1991 amici
1302 1928 1343 1992 H.
1367 1928 1397 1994 S.

216 2028 449 2109 Sedlmayer,
474 2028 672 2093 Henricus
697 2028 886 2109 Schenkl,
910 2029 940 2095 J.
965 2029 999 2097 S.
1022 2030 1285 2096 Frankfurter
1321 2032 1397 2096 Vin-

216 2131 419 2203 dobonenses:
459 2133 541 2214 quid
561 2135 707 2216 cuiusque
736 2134 921 2199 liberalitati
953 2136 1091 2214 debeam,
1125 2155 1179 2200 suo
1212 2137 1277 2201 loco
1313 2155 1396 2202 com·

215 2234 448 2300 memorabitur.
