2984 5040
653 395 866 461 ..59-

166 587 256 651 textu
273 586 343 667 ipso
359 601 475 666 ponens
497 584 535 648 se'.
563 584 617 648 sed
639 601 826 666 quamquam
848 582 924 649 haee
946 584 1147 650 constructio:
1171 605 1225 650 aee
1247 589 1351 650 braca

167 687 340 770 iadtpoum
364 687 417 771 (sc.
434 691 498 766 ost),
520 694 548 751 so·
570 687 653 751 cobis
674 707 754 751 earo
771 687 922 767 placendi
947 689 1000 769 (so.
1017 691 1083 767 est),
1098 707 1182 752 cum.
1198 739 1226 752 ..
1248 707 1350 773 gram·

167 791 302 857 maticae
334 791 504 875 praeceptis
527 810 589 856 non
611 792 782 874 repugnat,
804 791 909 855 tamen
934 788 1039 857 durior
1062 809 1127 856 esse
1152 791 1275 858 videtur
1296 812 1350 876 pro

166 893 271 961 Ovidii
295 894 458 978 elegantia.
483 895 566 959 certe
587 894 758 976 lampeon
772 894 801 957 st
814 893 863 959 rel
879 893 1032 977 icd⁴ipaor
1053 894 1083 957 se'
1105 897 1186 977 apud
1202 894 1350 961 Ovidium

166 1014 218 1073 me
241 996 357 1082 legisse
378 1017 439 1063 non
462 996 602 1063 memini.

270 1118 307 1184 ln
330 1138 359 1183 v.
383 1119 425 1184 24
448 1120 579 1203 quodam
606 1119 695 1186 modo
717 1119 886 1202 speciosius
907 1120 967 1186 dici
986 1121 1018 1184 et
1034 1123 1072 1186 ad
1087 1119 1222 1186 hilarem
1238 1121 1348 1187 horum
1373 1120 1393 1224 ΙΙ

165 1223 314 1286 versuum
338 1223 471 1288 colorem
494 1225 593 1306 magis
615 1222 766 1305 quadrare
780 1223 957 1306 putaverim
979 1223 1106 1288 soeculo
1127 1228 1229 1289 verbo
1252 1243 1347 1307 quam

164 1326 294 1390 soeculo
309 1329 429 1391 nostro.
453 1326 586 1391 alteram
596 1324 730 1408 pluralis
743 1342 905 1408 personam
918 1325 1024 1391 tuetur
1031 1345 1198 1396 consensus
1205 1328 1345 1393 codicum

165 1428 214 1493 M
219 1426 290 1507 GL,
314 1447 387 1494 cum
408 1433 518 1519 nostro
541 1431 571 1494 in
594 1429 694 1520 altera
716 1431 843 1495 demum
865 1429 1018 1496 librorum
1040 1429 1163 1495 familia
1185 1432 1343 1513 appareat.

163 1533 247 1598 adde
269 1537 361 1615 quod,
386 1533 447 1597 etsi
469 1533 636 1617 peculiaris
661 1533 709 1599 est
731 1531 932 1597 librariorum
956 1550 1040 1597 error
1064 1533 1270 1601 confundendi
1293 1535 1348 1598 has
1377 1553 1387 1621 p

162 1635 348 1718 scripturas,
362 1637 419 1702 hoo
432 1636 557 1719 quidem
574 1637 640 1701 loco
656 1654 767 1702 manus
783 1635 890 1701 dedita
909 1653 1000 1720 opera
1014 1641 1141 1701 mutans
1157 1636 1346 1720 deprehendi

160 1740 304 1813 videtur,
338 1742 411 1823 quia
433 1740 528 1805 iidem
551 1738 615 1804 iere
639 1739 760 1805 codices
782 1740 842 1804 hoc
864 1758 957 1805 versu
979 1743 1092 1802 nostre
1114 1739 1268 1819 exhibent,
1293 1743 1345 1824 qui

160 1863 193 1908 v.
221 1843 260 1907 17
289 1847 412 1907 ruostrue
439 1847 556 1907 matres
581 1841 633 1924 (cf.
665 1843 762 1908 etiam
791 1842 1026 1908 adnotationem
1055 1843 1126 1908 crit.
1155 1846 1204 1909 ad.
1227 1863 1255 1908 v.
1279 1844 1346 1925 35).

160 1947 275 2030 quodsi
298 1947 367 2029 quis
391 1945 533 2011 consulto
556 1946 663 2027 poetae
686 1944 783 2009 verba
805 1945 1007 2029 retractauit,
1038 1951 1122 2010 certe
1151 1948 1251 2010 multo
1274 1965 1345 2030 pro-

160 2051 303 2117 habilius
320 2054 367 2115 est
385 2067 456 2114 eum
470 2051 601 2131 utroque
620 2049 688 2114 loco
706 2048 842 2128 primam
857 2048 989 2129 pluralis
1001 2066 1164 2130 personam
1177 2051 1346 2131 reposuisse
1447 2054 1450 2060 '

162 2155 346 2237 corrigendo
379 2173 413 2217 er
441 2153 555 2236 altera,
590 2169 682 2235 quam
713 2170 748 2215 ex
770 2151 873 2234 prima
895 2152 1094 2216 remotiorem
1117 2152 1258 2230 alteram,
1283 2171 1344 2235 qua

161 2257 336 2323 dictionem
369 2255 588 2338 speciosiorem
620 2254 688 2318 fieri
710 2255 861 2321 videmus.
907 2254 987 2318 mihi
1021 2254 1137 2340 igitur,
1173 2254 1232 2319 etsi
1266 2257 1346 2338 quod

161 2361 264 2426 sciam
285 2360 406 2443 praeter
428 2358 578 2423 editiones
607 2356 762 2440 principes
794 2375 883 2422 nemo
914 2357 1071 2441 hucusque
1104 2362 1206 2423 cedro
1239 2357 1344 2434 edidit,

158 2466 239 2532 haec
254 2464 407 2547 scriptura
421 2466 522 2547 magis
545 2461 705 2544 probatur.

265 2585 304 2651 In
326 2603 355 2650 u.
379 2584 422 2649 25
450 2584 583 2648 editores
613 2581 705 2666 uulgo
728 2581 852 2646 Heinsii
878 2582 1087 2647 coniecturam
1113 2583 1344 2660 amplectuutur

162 2688 328 2755 scribentis
340 2687 513 2771 poliuetur
526 2703 582 2769 pro
591 2685 774 2767 potiuntur,
791 2684 880 2750 libris
896 2685 1041 2750 omnibus
1054 2684 1162 2749 invitis
1178 2686 1344 2751 intrusam.

162 2794 217 2858 sed
251 2793 377 2876 propter
406 2810 440 2856 aa
470 2809 548 2873 quae
576 2789 667 2853 modo
695 2791 843 2854 secuntur
871 2792 975 2870 arepto
997 2788 1052 2852 ciac
1080 2787 1168 2852 babet
1197 2789 1279 2868 quod
1301 2789 1345 2853 ad

161 2896 266 2961 cultos
287 2894 387 2960 added
409 2893 547 2976 potiendi
576 2893 660 2957 notio
690 2891 724 2955 in
753 2910 845 2956 versu
874 2892 1070 2957 antecedenti
1101 2892 1233 2975 siquod
1256 2890 1343 2957 aliud

161 2999 328 3082 aptissima
350 2998 407 3062 est.
432 2997 470 3061 cf.
487 2996 554 3075 Art.
573 3014 633 3060 am.
649 2995 699 3060 ΙΙΙ
720 2994 794 3072 437,
817 2996 872 3061 ubi
895 2995 933 3060 de
956 2995 1094 3060 virorum
1117 2997 1205 3061 cultu
1221 2999 1341 3080 agitur:

161 3101 303 3168 Femina
324 3101 402 3182 quid
422 3100 535 3184 faciat,
558 3118 629 3163 cum
651 3098 693 3162 so't
715 3099 765 3163 oo'r
788 3097 883 3163 leuior
906 3099 1005 3181 ipso?

265 3223 323 3290 Vr.
348 3224 389 3288 27
418 3241 464 3304 sq.
489 3219 568 3286 Cum
600 3219 663 3284 loci
696 3219 854 3302 bucusque
886 3219 1017 3286 tractati
1047 3220 1134 3286 facili
1163 3223 1344 3303 plerumque

160 3328 286 3412 negotio
314 3326 473 3409 potuerint
502 3324 616 3401 sanari,
640 3342 690 3390 ru.
714 3322 754 3388 27
779 3342 825 3406 sq.
848 3322 1075 3406 insuperabiles
1104 3342 1201 3406 paene
1230 3323 1343 3388 babent

161 3429 376 3512 difficultates,
400 3429 433 3494 in
456 3428 569 3511 quibus
592 3427 794 3509 expediendis
816 3426 878 3492 viri
895 3425 979 3492 docti
1003 3427 1121 3492 dudum
1144 3426 1341 3494 sudaverunt.

160 3536 256 3601 codex
278 3533 457 3598 Marcianus
479 3531 537 3596 hoc
560 3530 716 3597 distichon
739 3530 786 3595 sic
809 3529 951 3595 exhibet:

335 3655 396 3718 Pro
419 3672 451 3720 se
473 3671 563 3737 queq3
593 3653 705 3735 parent
727 3642 819 3734 dr'os
842 3652 1008 3732 uenergnt
1022 3671 1145 3719 amores

263 3895 377 3961 Utrum
405 3897 525 3959 mereat
553 3910 592 3957 an
618 3896 711 3956 meret
739 3892 836 3958 fuerit
864 3893 968 3975 potest
996 3911 1070 3958 sane
1100 3892 1247 3971 dubitari,
1271 3911 1341 3958 cum

156 4000 335 4066 litterarum
361 3998 564 4064 evanidarum
593 3995 681 4061 nulla
709 3997 833 4060 omnino
867 3997 988 4061 exstent
1010 3997 1042 4061 in
1065 3997 1168 4062 codiee
1191 3996 1340 4082 uestigia3

156 4102 214 4168 sed
243 4103 367 4185 propter
399 4100 618 4165 antecedentes
641 4099 777 4182 plurales
799 4099 989 4181 probabilius
1014 4101 1061 4165 est
1089 4100 1186 4164 fuisse
1211 4106 1339 4182 mereat,

155 4207 235 4274 licet
262 4204 452 4289 singularem
481 4202 594 4284 reliqui
622 4200 792 4283 praeterb
825 4202 1007 4286 exhibeant3
1049 4220 1158 4283 nempe
1186 4203 1217 4266 in
1240 4206 1342 4269 omni·

156 4309 220 4375 bus
251 4313 376 4392 excepto
405 4327 436 4390 oQ
464 4308 557 4373 otiam
583 4306 615 4369 in
642 4324 671 4369 v.
692 4305 734 4370 27
757 4306 878 4370 numeri
901 4307 1074 4389 singulares
1091 4311 1164 4371 sunt
1186 4307 1286 4390 illati3
1308 4329 1339 4393 oq

154 4413 274 4492 autem,
305 4411 358 4494 qui
375 4414 489 4491 poterat
502 4456 530 4474 ..
546 4410 749 4473 commeatur
762 4457 789 4474 ..
805 4456 812 4470 .
831 4414 925 4474 meret
953 4410 1097 4494 praebet,
1131 4414 1252 4476 textum
1274 4414 1339 4476 tam
