2984 5040
639 402 855 470 ..gg-

155 589 324 678 probabilis
339 594 416 659 baec
438 593 530 658 lectio
554 591 721 674 archetypo
744 608 785 657 an
807 592 969 657 correctori
991 589 1150 667 debeatur,
1173 586 1243 652 iure
1264 587 1340 653 iicet

153 700 306 766 dubitare.
320 687 506 777 lectionum,
522 715 600 780 quae
615 712 743 762 manum
763 697 966 782 corrigentem
982 690 1125 780 produnt,
1146 691 1228 757 -lraeo
1243 691 1339 757 affero

153 802 325 886 specimina
352 801 410 880 ita,
438 801 475 866 ut
496 800 612 866 litteris
644 799 781 866 diductis
815 800 1003 883 scripturam
1039 799 1208 883 genuinam
1240 795 1338 879 sigui-

154 904 309 983 ficem⁹⁹):

153 1055 182 1100 v.
205 1035 227 1098 4
248 1035 379 1099 semina:
402 1051 561 1097 munera
585 1030 640 1116 M3

153 1157 183 1203 v.
208 1137 259 1223 17,
282 1137 333 1216 24,
356 1136 398 1202 35
425 1136 564 1217 nostrae,
589 1137 709 1213 nostra,
740 1152 808 1198 nos:
839 1135 1008 1212 vestrae,
1032 1135 1180 1212 vestra,
1203 1149 1258 1197 vos
1281 1128 1336 1206 M;

153 1259 184 1305 v.
210 1240 249 1305 17
273 1240 397 1304 1111111
413 1238 529 1304 matres
545 1256 690 1322 peperere
705 1237 842 1321 puellas:
858 1237 1005 1302 matres
1019 1236 1178 1300 teneras
1192 1251 1223 1317 p.
1239 1253 1269 1316 p.
1281 1233 1322 1297 M
1328 1257 1337 1310 ;

154 1368 180 1412 v.
202 1345 245 1411 20
268 1341 447 1425 conspicuas
469 1359 600 1407 manus:
624 1339 874 1424 conspicuam
897 1357 1050 1405 manum
1074 1336 1130 1415 M3
1326 1332 1328 1337 ’

153 1470 180 1515 v.
206 1447 245 1513 21
270 1442 388 1529 lapides
401 1443 663 1527 orienteparatos:
677 1446 695 1510 1.
704 1443 855 1510 stridente
863 1445 926 1522 (1.1.
941 1441 1104 1525 oriente)
1124 1437 1337 1524 petitosM3

154 1573 183 1619 v.
207 1552 249 1616 23
271 1568 346 1615 non:
369 1566 443 1614 neo
466 1547 523 1632 M3

155 1674 183 1721 v.
208 1653 248 1718 27
273 1653 433 1737 [paret...
463 1652 642 1717 veneretur:
665 1653 808 1733 parent
829 1651 1067 1717 venerentur
1090 1648 1164 1732 M];

154 1776 184 1823 v.
207 1755 354 1834 2911111,
379 1774 405 1819 v.
430 1755 473 1820 30
495 1755 611 1820 cultos:
634 1754 752 1834 illas,
776 1755 904 1820 cultas
929 1753 984 1832 Μ;

155 1876 185 1925 r.
208 1859 250 1924 39
273 1857 458 1923 scinduntur
479 1857 521 1944 (et
542 1857 637 1939 oliab
662 1854 874 1923 finduntur
898 1857 952 1935 M;

155 1980 185 2029 v.
210 1963 251 2028 70
272 1960 457 2045 frugiferae:
479 1960 581 2043 frige
605 1960 669 2025 fere
694 1959 753 2037 M;

154 2082 184 2130 v.
210 2062 249 2128 77
273 2063 327 2128 da:
351 2063 393 2128 de
416 2062 525 2144 Mb),

153 2186 203 2235 vv.
227 2167 471 2253 9911111111
496 2168 730 2233 1111111111.
755 2165 1022 2249 illineretque
1046 2164 1101 2244 M3

257 2295 316 2362 Sed
349 2315 420 2361 cum
451 2297 510 2361 hae
540 2295 712 2381 scripturae
732 2295 952 2380 ¹complurium
982 2296 1165 2379 plerumque
1195 2295 1339 2361 codicum

158 2400 221 2466 sint
236 2418 424 2481 communes,
446 2401 623 2464 audaciores
639 2399 735 2465 etiam
751 2400 784 2464 in
799 2399 932 2482 singulis
949 2400 1074 2465 exstant
1096 2419 1112 2464 e
1134 2396 1337 2466 librariorum

158 2501 287 2569 arbitrio
298 2501 416 2586 illatae,
424 2504 456 2566 11
468 2504 521 2584 qui
533 2502 691 2585 hucusque
699 2502 837 2584 optimus
848 2501 1021 2567 habebatur
1028 2500 1086 2588 N„
1094 2501 1127 2566 in
1139 2499 1338 2584 suspectissi-

154 2623 277 2671 morum
305 2623 434 2670 numero
457 2605 505 2670 est
525 2604 699 2683 habendus,
729 2608 765 2670 ut
794 2604 847 2688 qui
875 2622 938 2669 non
967 2605 1069 2670 solum
1098 2623 1147 2688 ea,
1177 2621 1256 2688 quae
1283 2603 1338 2668 ad-

154 2708 274 2792 scripsi,
299 2710 403 2774 omnia
425 2710 536 2775 habeat
552 2712 704 2792 corrupte,
728 2710 783 2775 sed
806 2709 867 2775 alie
883 2711 978 2775 etiam
993 2707 1175 2791 singularia,
1192 2709 1229 2773 ut
1243 2707 1337 2774 baec:

153 2863 177 2901 v.
214 2853 229 2901 3
248 2846 363 2916 pandere
376 2863 430 2916 pro
447 2846 566 2916 pendere,

154 2948 178 2988 v.
200 2938 230 2985 11
250 2931 354 3001 puellae
367 2948 423 3001 pro
441 2932 563 2998 Sabinae,

153 3033 177 3076 v.
198 3023 229 3071 13
248 3016 342 3071 sedens
361 3018 486 3089 (propior
505 3017 596 3088 sedile)
611 3032 666 3087 pro
684 3034 813 3087 premens,

152 3119 177 3158 v.
195 3109 230 3158 16
248 3105 286 3157 At
305 3106 382 3171 rapt>
398 3120 451 3173 pro
470 3105 513 3171 Iit,

152 3205 177 3244 v.
197 3195 228 3246 27
247 3192 347 3262 quique
361 3208 418 3261 pro
435 3208 564 3261 quaeque,

153 3292 178 3329 v.
197 3281 231 3330 29
248 3277 413 3348 fugiuntque
428 3293 481 3348 pro
498 3278 673 3347 finguntque,
698 3278 759 3342 (1111
776 3277 848 3332 illaad
865 3293 943 3332 error
961 3277 1118 3332 tralaticiaa
1136 3292 1191 3331 esse
1205 3277 1322 3344 potere),

152 3377 177 3416 v.
196 3368 229 3418 32
247 3363 333 3419 forma
351 3379 454 3434 suaque
472 3367 551 3434 grata
568 3367 608 3417 111
621 3379 676 3432 pro
694 3367 824 3433 grataque
842 3363 928 3418 forma
946 3378 994 3417 aua
1011 3365 1053 3416 eat
1071 3362 1158 3430 (11111
1175 3362 1230 3428 Μ),

153 3463 177 3500 v.
196 3453 228 3501 51
249 3449 292 3505 Sic
309 3467 359 3519 age
375 3467 427 3520 pro
445 3451 496 3504 Dic
513 3466 570 3519 age,

153 3550 178 3587 v.
197 3541 229 3587 51
249 3535 387 3591 dimiserat
400 3553 455 3605 pro
474 3536 616 3598 dimiserit,

139 3811 142 3819 ,
259 3769 291 3835 ²²)
310 3765 385 3832 Quod
403 3766 520 3835 singulis
539 3765 605 3820 locia
623 3782 679 3819 non
697 3781 787 3819 omnes
804 3765 886 3820 huius
910 3765 1029 3820 familiae
1056 3764 1122 3820 libri
1148 3763 1177 3819 in'
1202 3764 1339 3834 scriptura

153 3856 258 3907 mutata
275 3851 456 3916 consentiunt,
474 3867 527 3905 non
546 3851 645 3918 obstat,
666 3852 808 3920 quominus
827 3865 917 3906 omnes
935 3851 970 3906 ad
987 3851 1060 3906 idern
1078 3853 1220 3921 exemplar,
1244 3867 1337 3906 recen-

153 3939 237 3994 situm
261 3938 376 4004 scilicet,
404 3937 490 3991 redire
515 3941 675 3991 statuamus.
711 3936 811 3991 etenim
839 3938 863 3991 si
880 3952 950 3992 unus
968 3939 1068 3993 alterve
1086 3939 1130 3992 bic
1147 3936 1205 3992 llllc
1222 3952 1286 3993 cum
1303 3937 1341 3992 Π

152 4026 225 4088 acio,
245 4028 315 4080 certe
332 4024 398 4078 locis
415 4024 503 4078 multo
520 4024 642 4093 pluribus
660 4023 802 4078 lectionem
820 4040 834 4077 o
852 4025 1002 4079 coniectura
1019 4025 1135 4094 petitam
1153 4022 1279 4091 exhibet,
1296 4024 1337 4079 ita

153 4115 186 4166 11
203 4113 228 4168 ei
245 4111 310 4166 fides
328 4111 383 4165 iere
401 4110 477 4165 nulla
495 4111 533 4163 sit
550 4110 702 4164 tribuenda.
722 4110 779 4165 sine
800 4109 881 4165 dubio
894 4111 925 4175 is,
944 4111 992 4180 qui
1010 4113 1115 4181 textum
1132 4110 1337 4171 retractandum

153 4200 285 4268 suscepit,
310 4214 417 4255 munere
436 4214 482 4251 suo
500 4197 619 4252 infausto
645 4200 685 4252 ita
701 4197 813 4254 functus
831 4203 885 4264 est,
912 4202 945 4253 ut
967 4200 1067 4267 passim
1086 4198 1219 4267 scriptura
1237 4196 1273 4254 de
1288 4215 1337 4253 suo

151 4284 229 4339 illata
246 4287 292 4339 aut
309 4284 379 4356 qnod
396 4284 542 4355 genuinum
560 4284 649 4338 fuerat
667 4284 872 4354 superscriberet
890 4286 931 4340 vel
949 4284 1120 4342 adscriberet.
1145 4287 1194 4339 aut
1212 4283 1337 4349 invicem,

153 4370 194 4424 ita
211 4375 243 4425 11
261 4370 380 4425 librariis
392 4372 454 4425 inde
466 4369 681 4426 describentibus
699 4371 813 4426 liberum
831 4373 901 4426 esset
918 4368 1037 4439 eligendi
1055 4371 1201 4434 iudicium
1218 4384 1336 4440 quornm

153 4457 199 4525 qui
217 4457 367 4526 religiosior
385 4461 456 4524 crat,
476 4461 619 4528 utrumque
636 4457 854 4513 tranamrlbebat.
