2984 5040
637 404 850 468 ..74-

238 592 399 674 Equidem,
416 592 562 674 quoniam
578 592 714 674 plrrprrr‘s
730 611 842 656 roorra
857 611 955 676 genus
971 611 1093 657 murrae
1110 597 1157 656 est
1173 592 1334 674 proprium

152 694 205 772 (cf.
228 694 335 760 Celsus
359 694 403 759 VI
427 694 456 758 l.
478 696 509 774 3,
534 694 636 761 Diesc.
661 696 677 759 I
701 695 770 775 tt),
804 698 884 777 quod
913 695 1005 761 facile
1037 695 1163 760 formeri
1194 697 1334 777 potuisse

153 818 189 862 ex
210 799 361 862 attributo
390 798 527 880 proprus
559 798 632 863 licet
667 797 780 880 conici,
813 799 952 880 suspicor
989 799 1046 862 hoc
1079 818 1203 863 murrae
1233 817 1333 881 genus

152 901 325 966 tesselatim
349 920 416 965 esse
439 901 641 968 venditatum.
680 893 777 984 κύβος
807 901 890 965 enim
921 901 1108 966 vocabulum
1137 920 1198 965 non
1231 902 1333 966 solum

153 1005 190 1069 de
212 1006 312 1086 figura
335 1005 373 1069 ab
397 1005 482 1069 omni
504 1007 591 1086 parte
614 1005 779 1087 quadrata,
803 1007 855 1069 sed
879 1006 977 1069 etiam
1001 1005 1038 1068 de
1063 1022 1199 1087 corpore,
1223 1004 1256 1068 in
1274 1022 1332 1086 quo

152 1109 242 1174 buius
275 1109 360 1173 modi
393 1110 494 1173 forma
521 1110 591 1190 plus
626 1109 730 1174 minus
762 1108 960 1190 conspicitur,
995 1107 1182 1190 usurpatum
1214 1106 1332 1190 legitur

153 1213 234 1293 apud
262 1213 428 1294 scriptores
452 1230 589 1295 graccos.
627 1214 711 1292 apud
739 1212 938 1277 Athenaeum
972 1211 1023 1275 Ill
1055 1229 1084 1292 p.
1113 1209 1198 1273 illa
1234 1227 1330 1292 panes

152 1315 280 1397 quidam
314 1314 458 1392 quadrati
491 1306 582 1399 κύβοι
617 1319 766 1379 vocantur
803 1314 854 1396 (cf.
877 1314 968 1378 Phot.
992 1331 1023 1393 p.
1050 1313 1202 1378 183.112
1240 1304 1331 1394 κύβοι

151 1408 287 1492 πλάσεις
309 1414 393 1492 τινὲς
414 1407 536 1501 ύρτωκ·
559 1408 659 1492 odrae
677 1407 850 1497 Εύαολις);
885 1415 960 1479 ibid.
989 1414 1046 1480 VII
1069 1414 1160 1478 3240
1197 1416 1235 1479 dc
1266 1415 1332 1478 fru-

152 1519 242 1582 stulis
266 1519 442 1600 quadratis:
474 1509 561 1583 τὸδ’
584 1511 662 1584 ltro
693 1519 786 1601 σῶμα
819 1519 887 1604 (τῆς
910 1515 1032 1605 σηπίας
1054 1518 1110 1598 so.)
1145 1510 1332 1600 κατατεμὼν

153 1616 291 1697 πολλοὺς
313 1614 486 1704 κύβους...
515 1623 600 1687 nuso.
624 1641 653 1703 p.
681 1622 763 1686 1396
786 1625 860 1686 extr.
881 1627 916 1685 et
938 1623 1042 1705 Etym.
1067 1620 1111 1685 M.
1135 1640 1166 1703 p.
1185 1621 1257 1685 543.
1277 1622 1331 1685 19:

152 1719 246 1808 κύβος
268 1724 361 1789 nunc
383 1725 495 1813 ψῆφος
516 1716 719 1808 τετράγωνος.
754 1725 836 1806 quod
859 1729 966 1788 autem
990 1723 1121 1789 Ovidius
1155 1742 1211 1807 prb
1241 1741 1331 1789 voca·

152 1828 225 1893 bulo
256 1827 353 1893 latino
387 1833 501 1892 tessera
529 1847 639 1912 graeco
672 1830 765 1892 cubus
788 1831 897 1904 utitur,
928 1829 959 1893 id
983 1847 1018 1894 eo
1041 1829 1134 1893 facile
1158 1833 1330 1912 excusatur,

152 1934 232 2013 quod
255 1951 321 1996 cum
344 1934 377 1997 in
400 1933 510 1998 ceteris
532 1932 641 2009 rebus,
676 1935 745 1996 tum
768 1933 876 2010 iniis,
907 1951 983 2015 ques
1007 1932 1064 1997 boo
1086 1930 1194 1996 libello
1217 1932 1331 1996 tractet

152 2038 257 2117 poete,
298 2039 448 2101 sermonis
473 2037 578 2120 graeci
601 2035 733 2101 eundem
756 2036 820 2100 fere
841 2036 958 2100 Romae
981 2055 1073 2102 usum
1095 2035 1192 2100 fuisse
1217 2034 1330 2100 scimus

153 2137 258 2203 Ovidii
288 2140 487 2221 temporibus,
511 2139 564 2221 qui
588 2141 668 2221 apud
693 2157 746 2203 nos
771 2141 817 2204 est
840 2138 1079 2223 franco-gallici.
1102 2139 1196 2220 atque
1219 2141 1255 2202 ut
1278 2155 1329 2202 nos

152 2242 209 2305 hoc
225 2242 350 2322 quidem
373 2262 463 2306 sensu
487 2243 586 2306 dicere
609 2243 766 2306 malumus
777 2241 903 2306 Flacco
919 2261 1012 2323 qnam
1029 2241 1063 2306 F
1064 2241 1176 2319 lascire,
1200 2243 1248 2306 ita
1263 2239 1329 2307 Ori-

153 2343 222 2408 dius
245 2344 387 2407 modicos
411 2344 504 2407 orbus
529 2363 584 2426 pro
609 2349 732 2408 tessere.
756 2346 795 2409 el.
812 2348 892 2426 quod
913 2345 998 2409 infra
1024 2346 1141 2428 legitur
1167 2344 1329 2409 marathus

153 2446 273 2512 dictum
288 2467 343 2530 pro
358 2447 522 2527 foeniculo,

254 2551 403 2616 Heinsius
428 2571 556 2614 rurrrruc
578 2551 734 2615 notionem
759 2571 795 2616 ex
818 2553 874 2617 hoc
897 2571 988 2616 versu
1004 2552 1096 2633 plene
1119 2551 1327 2633 expellendam

152 2674 217 2719 esse
240 2655 368 2733 censuit,
395 2657 474 2735 qued
492 2653 595 2734 paullo
618 2655 689 2735 post
711 2672 835 2719 murrae
857 2654 946 2718 fieret
969 2655 1095 2719 mentio.
1112 2640 1172 2718 ¹scd
1195 2654 1276 2718 nihil
1298 2671 1328 2719 ea

152 2778 200 2824 res
223 2757 359 2822 offendit.
384 2757 458 2820 dicit
479 2756 562 2821 enim
579 2759 678 2838 poeta,
696 2756 755 2820 etsi
772 2775 894 2820 murrae
914 2775 968 2838 per
986 2775 1019 2820 sc
1042 2755 1328 2841 sufficiant,tamcn

152 2860 249 2925 satius
271 2879 337 2924 esse
359 2861 515 2924 marathos
539 2861 576 2923 iis
599 2859 726 2938 addere,
757 2878 832 2942 quos
861 2860 889 2925 si
918 2860 1064 2925 adhibere
1088 2860 1183 2939 velis,
1208 2859 1327 2927 novenis

152 2981 272 3027 murrae
295 2962 438 3043 scripulis
462 2964 557 3044 quina
579 2963 792 3026 merathorum
815 2982 880 3028 esse
903 2964 1074 3029 adicienda.

255 3065 426 3131 Genninam
444 3066 530 3131 verbi
552 3084 659 3129 murra
681 3066 867 3146 scripturam
886 3067 937 3149 (cl.
952 3066 1002 3130 W.
1019 3067 1205 3146 Brambach,
1219 3067 1324 3132 Hiill-

152 3169 298 3235 bdchlein
320 3173 379 3232 ete.
402 3187 431 3249 p.
456 3169 510 3235 49t
536 3189 583 3233 ur.
608 3167 659 3244 88,
684 3168 735 3244 91,
760 3168 800 3232 92
824 3173 986 3233 servarunt
1011 3171 1132 3235 codices
1157 3169 1243 3233 ML.

253 3291 290 3356 ln
313 3311 343 3356 v.
361 3290 402 3355 89
417 3289 487 3370 post
508 3288 674 3354 Heiusinm
696 3288 791 3373 vulgo
814 3290 965 3353 corrtrr'rr's
989 3290 1103 3374 editur,
1121 3309 1193 3356 oum
1208 3294 1323 3358 veteres

150 3397 333 3475 interpretes
355 3397 479 3473 tropum
496 3391 638 3474 Spstolcrr
654 3394 827 3456 statuentes
843 3392 1036 3470 contriveris,
1053 3411 1146 3476 quam
1163 3394 1323 3461 lectionem

152 3498 225 3562 libri
239 3516 314 3562 mss.
327 3500 450 3579 praeter
464 3494 541 3561 MC
560 3494 713 3574 exhibent,
730 3498 830 3559 metro
845 3496 986 3578 neglecto
1003 3498 1151 3579 amplecti
1165 3515 1228 3562 uon
1246 3497 1329 3564 dubi·

152 3600 305 3678 taverint3
344 3617 398 3664 nos
432 3599 519 3664 istud
557 3599 677 3663 abicere
715 3617 777 3662 non
809 3598 1032 3664 dubitabimus.
1071 3601 1151 3682 quod
1182 3601 1328 3667 Heinsius

152 3705 252 3773 voluit
274 3703 423 3767 coutrr'rr's
446 3703 558 3767 collato
579 3703 703 3766 Terent.
726 3702 852 3767 Phorm.
877 3722 904 3766 v.
927 3703 991 3769 318
1016 3703 1061 3786 (ll
1083 3705 1113 3768 2.
1135 3705 1182 3786 4),
1206 3705 1262 3772 ubi
1283 3705 1328 3768 r'o·

152 3807 239 3872 tristi
260 3807 385 3891 legitur,
408 3807 488 3872 aliae
511 3805 606 3871 etiam
630 3808 753 3871 exstant
782 3805 899 3872 formae
921 3806 994 3871 hnic
1017 3805 1152 3872 similes:
1177 3807 1326 3881 Catullus,

150 3913 200 3978 66.
226 3913 282 3976 30:
306 3910 400 3995 tristi,
423 3909 490 3974 Liv.
506 3909 555 3975 ΙΙΙ
571 3911 660 3976 598
683 3910 730 3993 (in
753 3910 846 3992 Appii
870 3909 994 3977 Claudii
1017 3911 1178 3990 oratione):
1204 3909 1323 3976 obtristl

150 4014 201 4096 (cl.
224 4014 364 4093 thner‚
399 4010 451 4078 Gr.
480 4013 535 4077 lat.
570 4013 586 4076 1
614 4034 644 4096 p.
673 4014 750 4090 503,
785 4012 882 4093 Neue,
911 4014 1120 4078 Formean
1149 4014 1250 4094 513);
1280 4011 1329 4078 scd

150 4116 237 4182 aliud
260 4119 306 4180 est
339 4133 492 4200 syncopen
515 4114 606 4179 buius
630 4116 715 4181 modi
737 4117 874 4180 statuere
897 4118 969 4181 ante
1001 4134 1146 4181 consonas
1170 4136 1200 4180 ss
1224 4117 1273 4182 vel
1294 4117 1329 4196 st,

150 4220 235 4286 aliud
250 4223 321 4284 ante
339 4241 367 4282 r.
391 4238 463 4284 eum
486 4219 637 4282 corrtrr'rr's
651 4220 772 4300 possint
795 4220 966 4299 comparari
981 4221 1098 4286 formas
1114 4220 1201 4299 sr'rr's,
1219 4218 1329 4294 sirllis,

150 4326 279 4403 similes,
303 4325 409 4408 quales
431 4322 519 4388 Neue
542 4323 564 4387 l.
587 4342 612 4388 e.
638 4343 673 4388 ex
694 4325 806 4405 Ennio,
830 4323 977 4406 Pacuvio,
1001 4324 1113 4390 Plauto
1137 4324 1240 4404 affert,
1264 4341 1326 4388 eas·

150 4446 208 4509 que
231 4430 314 4509 ipsas
336 4427 518 4509 plerumque
541 4446 557 4491 e
581 4428 755 4493 coniectura
778 4427 902 4508 petitas.
