2984 5040
538 389 749 452 ..73-

156 573 216 637 (tur
239 575 271 637 in
295 575 403 639 eodem
426 594 516 642 versu
537 576 645 642 invitis
669 576 824 642 codicibus
847 579 988 662 legamus
1012 597 1082 645 cum
1104 578 1233 644 Heinsio
1311 567 1314 573 ’

55 678 213 758 utrimque
235 697 289 760 pro
312 683 488 760 utrumque,
513 679 656 763 equidem
679 700 740 745 non
763 682 868 760 video;
891 684 927 745 ut
949 681 1033 745 enim
1050 700 1078 745 u.
1093 682 1130 746 71
1156 682 1234 763 legi-

54 784 121 844 tur:
145 784 279 862 utruque
302 789 355 858 (sc.
380 782 487 862 lupiui
509 788 537 847 et
558 782 661 867 fubue)
683 802 737 848 seu
758 783 895 848 bubeuut
924 803 1020 865 dequo
1049 784 1235 849 discrimine

53 884 170 962 iibrus,
206 888 313 949 eodem
340 885 403 950 fere
437 887 528 950 modo
562 888 614 951 hic
636 888 754 951 dictum
778 889 827 952 est
854 892 1020 967 utrumque
1047 897 1099 964 (se.
1122 892 1173 951 tus
1203 888 1235 951 et

53 987 190 1070 uitrum)
213 987 307 1051 iustis
322 988 516 1068 ponderibus
537 991 638 1054 trieris
659 994 730 1053 esto.

158 1109 195 1177 In
211 1127 240 1172 u.
254 1109 294 1172 81
307 1111 377 1190 post
392 1109 557 1175 Heinsium
574 1112 667 1192 vulgo
683 1111 786 1176 editur
808 1112 968 1193 dereptum
991 1113 1099 1176 cortice
1113 1112 1236 1193 pummi

56 1210 146 1276 libris
162 1211 226 1275 iere
243 1214 385 1277 omnibus
400 1212 619 1278 exhibentibus
635 1213 802 1295 direptum.
825 1233 920 1297 quum
935 1214 1088 1280 librorum
1099 1215 1235 1296 'seriptu-

55 1334 124 1379 ram
145 1317 337 1380 retinendam
360 1335 425 1382 esse
447 1318 538 1398 puto;
562 1319 682 1400 gummi
705 1320 797 1396 enim,
822 1320 903 1401 quod
919 1321 1103 1384 exsudatum
1123 1336 1145 1382 a
1168 1317 1236 1400 qui·

56 1418 186 1482 busdam
211 1418 373 1482 arboribus
404 1419 438 1482 in
462 1421 575 1484 cortice
598 1422 759 1502 spissatur,
784 1422 823 1486 ab
846 1423 903 1486 hoo
932 1423 998 1504 ipso
1024 1421 1236 1486 divellendum

57 1523 108 1586 vel
124 1521 331 1604 diripiendum
346 1521 453 1603 est⁴³).
470 1525 551 1606 quod
564 1526 670 1588 autem
686 1525 725 1590 ad
737 1524 872 1606 diripere
886 1545 941 1607 pro
953 1525 1098 1589 diuellere
1111 1524 1237 1607 attinet,

58 1625 197 1690 conferas
209 1626 284 1690 Met.
295 1624 341 1688 XI
354 1625 411 1690 29:
424 1625 562 1707 direptos
577 1627 688 1691 orbore
698 1646 803 1691 rumos
815 1628 874 1709 (sic
886 1627 1236 1710 Merkel,Korn,derep·

57 1733 102 1792 tos
125 1729 240 1807 Riese),
270 1728 345 1792 ibid.
368 1729 420 1794 111
446 1731 507 1795 52:
536 1728 651 1810 pellem
674 1730 756 1794 ieoui
779 1730 918 1810 diripere
940 1730 1044 1807 (Riese
1066 1729 1158 1811 der),
1180 1728 1239 1793 XV

57 1834 137 1900 304:
160 1832 285 1912 direpto
307 1833 428 1896 bicorni
448 1837 538 1916 terpu
559 1853 662 1914 cupro.
687 1834 862 1916 Nipperdey
885 1834 923 1898 ad
946 1833 1018 1898 Tac.
1042 1837 1124 1898 Ann.
1147 1833 1163 1896 1
1187 1833 1238 1915 35,

27 1970 30 1977 ·
58 1937 114 2002 ubi
136 1936 268 2020 legitur:
290 1935 413 2015 ferrum
428 1957 450 2000 u
465 1937 561 2001 lutere
582 1937 731 2017 diripuit,
755 1937 851 2002 etiam
873 1936 906 2000 in
928 1934 1053 2001 MetX
1074 1934 1138 1999 415
1161 1934 1237 1999 seri·

58 2040 194 2104 bendum
218 2058 282 2103 osso
305 2043 425 2104 censet:
444 2039 595 2120 peudeuti
611 2039 752 2103 mitidum
766 2039 1013 2122 rupiuudiripit
1035 2058 1147 2114 eusem,
1165 2037 1238 2120 quia

59 2143 90 2208 in
114 2143 208 2224 Verg.
231 2145 310 2206 Aen.
333 2142 627 2208 Χ475Μ11111111
658 2142 796 2207 exhibet:
830 2142 948 2225 rupium
972 2161 1049 2205 euru
1069 2140 1239 2224 sulpeutem

59 2245 173 2327 diripit
195 2265 306 2310 emsem.
344 2245 449 2309 Litore
478 2245 588 2326 furiem
609 2246 748 2327 diripere
770 2245 886 2328 lepitur
907 2247 939 2309 in
963 2244 1057 2327 Verg.
1087 2249 1165 2310 Aen,
1188 2244 1239 2309 III

60 2351 131 2416 266.
164 2350 299 2414 ceterum
322 2349 379 2414 boe
401 2350 532 2413 uerbum
554 2349 664 2412 multis
695 2349 771 2413 locis
802 2348 917 2413 iniuria
939 2349 1143 2412 immutatum
1177 2365 1240 2411 esse

61 2454 184 2517 uidetur
217 2453 249 2517 vi
282 2453 517 2535 praepositionis
545 2453 596 2515 dis
624 2472 684 2517 non
719 2456 803 2517 recto
832 2456 1005 2534 perspecta.
1040 2450 1078 2515 oi.
1113 2451 1150 2514 de
1185 2450 1242 2515 illa

60 2557 205 2621 Iahnium
230 2557 269 2621 ad
286 2557 377 2639 Vorg.
401 2555 512 2638 Georg.
536 2556 626 2640 1183
661 2556 718 2620 hoc
742 2557 808 2620 loco
831 2557 862 2619 11
884 2555 958 2620 libri
978 2573 1054 2618 mss.
1077 2556 1108 2619 et
1130 2570 1239 2617 sensus

61 2681 129 2726 eam
151 2662 289 2724 tuentur.

158 2783 196 2846 In
218 2801 247 2846 v.
261 2782 302 2846 88
326 2802 362 2846 ex
386 2781 475 2847 libris
490 2779 625 2865 11111
639 2783 679 2863 (l)
705 2783 898 2846 scribendum
922 2798 988 2844 esse
1009 2780 1085 2860 puto
1109 2776 1235 2852 cubum,

61 2907 134 2952 eum
156 2886 267 2968 reliqui
291 2885 419 2964 codices,
442 2884 475 2949 in
498 2885 610 2966 quibus
633 2883 744 2967 optimi
767 2884 864 2948 nostri
882 2881 928 2945 M
931 2881 1002 2963 GL,
1019 2899 1129 2959 erroro,
1145 2897 1237 2962 quem

59 2989 154 3055 facile
177 3007 310 3066 excuses,
332 2987 500 3069 praebeant
524 2988 635 3064 erbum,
652 2988 818 3052 lectionem
841 3004 932 3050 sensu
955 2985 1080 3049 omnino
1104 3001 1236 3048 cassam.

60 3094 117 3158 sed
142 3091 261 3157 Ciolani
285 3092 499 3173 interpretatio
522 3093 603 3157 vocis
625 3091 698 3156 cubi
720 3089 800 3155 mihi
823 3107 883 3153 non
899 3088 1062 3154 satisfacit.
1078 3085 1178 3162 Adde,
1195 3087 1243 3148 in·

57 3198 145 3281 quit,
169 3195 328 3260 modicum
350 3195 462 3259 cubum
482 3215 497 3259 e
519 3194 657 3276 myrrhis
680 3193 866 3276 piupm'bus.
900 3191 935 3255 id
964 3195 1022 3268 est,
1057 3192 1183 3253 tumtum
1206 3206 1243 3250 err

59 3297 204 3382 mprrbis
221 3298 396 3380 pimpuibus
425 3297 551 3362 detrude
580 3301 608 3361 et
637 3297 689 3374 iis,
719 3315 799 3376 quoe
829 3296 897 3358 ium
926 3292 1014 3357 dictu
1040 3295 1123 3370 suut,
1152 3289 1241 3371 udde,

63 3405 207 3485 quamtus
228 3406 272 3465 est
289 3420 412 3481 pareus
427 3404 530 3466 cubus.
554 3401 608 3464 sed
625 3418 681 3464 eur
697 3415 809 3481 quaeso
827 3398 968 3462 detracta
981 3394 1106 3477 pinguis
1122 3411 1244 3457 murrae

55 3524 133 3591 pars
156 3505 194 3569 ad
217 3504 288 3568 cubi
311 3504 443 3569 formam
467 3504 513 3567 est
535 3503 700 3579 reddenda,
724 3503 905 3585 priusquam
921 3498 1052 3580 reliquis
1068 3497 1245 3562 adiciatur?

58 3630 135 3676 nam
159 3609 254 3691 quod,
279 3628 350 3672 eum
371 3611 485 3692 pingue
508 3609 565 3686 sit,
589 3607 773 3687 detrahitur,
797 3605 867 3670 cubi
897 3604 1031 3668 sormam
1054 3603 1158 3684 ipsum
1181 3619 1242 3665 non

59 3715 168 3779 habet.
190 3729 245 3795 pro
268 3714 353 3776 certa
374 3715 479 3775 autem
501 3728 647 3775 mensura
674 3709 769 3773 cubus
791 3707 851 3772 hoe
866 3707 990 3789 quidem
1012 3706 1078 3770 loco
1101 3703 1245 3786 usurpari

60 3836 125 3882 non
148 3818 264 3901 potest,
299 3815 372 3899 quia
393 3813 563 3880 seeundum
586 3815 720 3879 Remum
743 3811 908 3886 Farinam,
933 3810 979 3874 De
1002 3807 1188 3890 ponderibus
1213 3807 1244 3869 11

62 3923 217 3987 mensuris
250 3921 292 3985 62
326 3919 439 4003 (Antb.
462 3919 530 3997 lat,
552 3917 660 3999 Riese,
683 3914 719 3981 n⁰
740 3915 828 3997 486),
859 3913 955 3977 cubus
983 3913 1041 3977 hoc
1071 3928 1164 3976 sensu
1187 3927 1242 3990 pro

65 4023 222 4105 emptore
244 4022 406 4103 accipitur.

167 4335 199 4400 ⁴³)
218 4333 297 4388 Falsa
315 4338 356 4386 est
375 4329 545 4400 Hertubergii
563 4327 761 4396 interpretatio:
785 4325 906 4381 Gummi.
917 4362 937 4388 .,
956 4322 1023 4376 decb
1040 4322 1167 4377 embldset
1188 4337 1242 4376 oou

70 4421 115 4476 der
132 4422 235 4479 Rimde.
