<?xml version="1.0" encoding="UTF-8"?>
<!DOCTYPE html PUBLIC "-//W3C//DTD XHTML 1.0 Transitional//EN"
    "http://www.w3.org/TR/xhtml1/DTD/xhtml1-transitional.dtd">
<html xmlns="http://www.w3.org/1999/xhtml" xml:lang="en" lang="en">
 <head>
  <title>
</title>
<meta http-equiv="Content-Type" content="text/html;charset=utf-8" />
  <meta name='ocr-system' content='tesseract 3.04.00' />
  <meta name='ocr-capabilities' content='ocr_page ocr_carea ocr_par ocr_line ocrx_word'/>
</head>
<body>
  <div class='ocr_page' id='page_1' title='image "./povidiinasonisl00kunzgoog_0091.png"; bbox 0 0 2984 5040; ppageno 0'>
   <div class='ocr_carea' id='block_1_1' title="bbox 630 403 843 466">
    <p class='ocr_par' dir='ltr' id='par_1_1' title="bbox 630 403 843 466">
     <span class='ocr_line' id='line_1_1' title="bbox 630 403 843 466; baseline 0.014 -20"><span class='ocrx_word' id='word_1_1' title='bbox 630 403 843 466; x_wconf 77' lang='lat'><strong>..82-</strong></span> 
     </span>
    </p>
   </div>
   <div class='ocr_carea' id='block_1_2' title="bbox 157 588 1343 1188">
    <p class='ocr_par' dir='ltr' id='par_1_2' title="bbox 157 588 1343 1188">
     <span class='ocr_line' id='line_1_2' title="bbox 159 588 1341 674; baseline 0 -20"><span class='ocrx_word' id='word_1_2' title='bbox 159 591 288 656; x_wconf 90' lang='lat' dir='ltr'>minime</span> <span class='ocrx_word' id='word_1_3' title='bbox 311 593 452 657; x_wconf 82' lang='lat' dir='ltr'>faventes</span> <span class='ocrx_word' id='word_1_4' title='bbox 475 588 612 654; x_wconf 89' lang='lat' dir='ltr'>versibus</span> <span class='ocrx_word' id='word_1_5' title='bbox 635 595 702 654; x_wconf 90' lang='lat' dir='ltr'>tam</span> <span class='ocrx_word' id='word_1_6' title='bbox 724 591 918 674; x_wconf 74' lang='lat' dir='ltr'>elegantibus</span> <span class='ocrx_word' id='word_1_7' title='bbox 943 591 1084 656; x_wconf 85' lang='lat' dir='ltr'>videmus</span> <span class='ocrx_word' id='word_1_8' title='bbox 1108 609 1277 672; x_wconf 84' lang='lat' dir='ltr'>expressas,</span> <span class='ocrx_word' id='word_1_9' title='bbox 1303 594 1341 654; x_wconf 89' lang='lat' dir='ltr'>ut</span> 
     </span>
     <span class='ocr_line' id='line_1_3' title="bbox 159 691 1340 776; baseline -0.002 -17"><span class='ocrx_word' id='word_1_10' title='bbox 159 694 297 759; x_wconf 86' lang='lat' dir='ltr'>natalia</span> <span class='ocrx_word' id='word_1_11' title='bbox 320 696 446 776; x_wconf 89' lang='lat' dir='ltr'>quidem</span> <span class='ocrx_word' id='word_1_12' title='bbox 470 691 608 757; x_wconf 78' lang='lat' dir='ltr'>habeant</span> <span class='ocrx_word' id='word_1_13' title='bbox 631 693 827 770; x_wconf 83' lang='lat' dir='ltr'>duriuscule,</span> <span class='ocrx_word' id='word_1_14' title='bbox 852 695 959 776; x_wconf 86' lang='lat' dir='ltr'>qualia</span> <span class='ocrx_word' id='word_1_15' title='bbox 981 694 1014 758; x_wconf 92' lang='lat' dir='ltr'>in</span> <span class='ocrx_word' id='word_1_16' title='bbox 1037 693 1166 776; x_wconf 88' lang='lat' dir='ltr'>reliquis</span> <span class='ocrx_word' id='word_1_17' title='bbox 1188 694 1340 758; x_wconf 88' lang='lat' dir='ltr'>carmini-</span> 
     </span>
     <span class='ocr_line' id='line_1_4' title="bbox 157 795 1341 878; baseline 0 -18"><span class='ocrx_word' id='word_1_18' title='bbox 157 796 215 861; x_wconf 88' lang='lat' dir='ltr'>bus</span> <span class='ocrx_word' id='word_1_19' title='bbox 237 796 298 861; x_wconf 91' lang='lat' dir='ltr'>sibi</span> <span class='ocrx_word' id='word_1_20' title='bbox 320 799 463 878; x_wconf 76' lang='lat' dir='ltr'>permisit</span> <span class='ocrx_word' id='word_1_21' title='bbox 485 795 629 870; x_wconf 65' lang='lat' dir='ltr'>Ovidius</span> <span class='ocrx_word' id='word_1_22' title='bbox 664 796 806 877; x_wconf 85' lang='lat' dir='ltr'>equidem</span> <span class='ocrx_word' id='word_1_23' title='bbox 840 802 924 861; x_wconf 89' lang='lat' dir='ltr'>certe</span> <span class='ocrx_word' id='word_1_24' title='bbox 954 817 992 861; x_wconf 91' lang='lat' dir='ltr'>ne</span> <span class='ocrx_word' id='word_1_25' title='bbox 1016 796 1180 860; x_wconf 90' lang='lat' dir='ltr'>minimam</span> <span class='ocrx_word' id='word_1_26' title='bbox 1210 797 1341 878; x_wconf 90' lang='lat' dir='ltr'>quidem</span> 
     </span>
     <span class='ocr_line' id='line_1_5' title="bbox 158 899 1343 982; baseline 0 -20"><span class='ocrx_word' id='word_1_27' title='bbox 158 899 263 964; x_wconf 87' lang='lat' dir='ltr'>inveni</span> <span class='ocrx_word' id='word_1_28' title='bbox 285 900 318 964; x_wconf 92' lang='lat' dir='ltr'>in</span> <span class='ocrx_word' id='word_1_29' title='bbox 340 919 485 965; x_wconf 88' lang='lat' dir='ltr'>versuum</span> <span class='ocrx_word' id='word_1_30' title='bbox 508 903 666 962; x_wconf 81' lang='lat' dir='ltr'>structura</span> <span class='ocrx_word' id='word_1_31' title='bbox 692 899 900 963; x_wconf 89' lang='lat' dir='ltr'>offensionem.</span> <span class='ocrx_word' id='word_1_32' title='bbox 936 902 1043 964; x_wconf 88' lang='lat' dir='ltr'>contra</span> <span class='ocrx_word' id='word_1_33' title='bbox 1072 899 1173 963; x_wconf 85' lang='lat' dir='ltr'>multa</span> <span class='ocrx_word' id='word_1_34' title='bbox 1201 899 1343 982; x_wconf 89' lang='lat' dir='ltr'>produnt</span> 
     </span>
     <span class='ocr_line' id='line_1_6' title="bbox 158 1001 1342 1086; baseline 0 -20"><span class='ocrx_word' id='word_1_35' title='bbox 158 1001 316 1081; x_wconf 85' lang='lat' dir='ltr'>Ovidium,</span> <span class='ocrx_word' id='word_1_36' title='bbox 340 1022 418 1086; x_wconf 90' lang='lat' dir='ltr'>quae</span> <span class='ocrx_word' id='word_1_37' title='bbox 442 1006 478 1066; x_wconf 90' lang='lat' dir='ltr'>nt</span> <span class='ocrx_word' id='word_1_38' title='bbox 505 1020 566 1066; x_wconf 92' lang='lat' dir='ltr'>nan</span> <span class='ocrx_word' id='word_1_39' title='bbox 596 1002 677 1066; x_wconf 89' lang='lat' dir='ltr'>tanti</span> <span class='ocrx_word' id='word_1_40' title='bbox 707 1002 770 1066; x_wconf 87' lang='lat' dir='ltr'>sint</span> <span class='ocrx_word' id='word_1_41' title='bbox 793 1002 936 1085; x_wconf 84' lang='lat' dir='ltr'>singula,</span> <span class='ocrx_word' id='word_1_42' title='bbox 967 1006 1073 1066; x_wconf 87' lang='lat' dir='ltr'>tamen</span> <span class='ocrx_word' id='word_1_43' title='bbox 1098 1003 1264 1066; x_wconf 87' lang='lat' dir='ltr'>coniuncta</span> <span class='ocrx_word' id='word_1_44' title='bbox 1287 1004 1342 1066; x_wconf 83' lang='lat' dir='ltr'>vix</span> 
     </span>
     <span class='ocr_line' id='line_1_7' title="bbox 158 1104 1341 1188; baseline -0.001 -16"><span class='ocrx_word' id='word_1_45' title='bbox 158 1108 256 1172; x_wconf 90' lang='lat' dir='ltr'>ullam</span> <span class='ocrx_word' id='word_1_46' title='bbox 279 1125 437 1188; x_wconf 87' lang='lat' dir='ltr'>superesse</span> <span class='ocrx_word' id='word_1_47' title='bbox 453 1104 679 1169; x_wconf 85' lang='lat' dir='ltr'>dubitationem</span> <span class='ocrx_word' id='word_1_48' title='bbox 697 1105 734 1168; x_wconf 90' lang='lat' dir='ltr'>de</span> <span class='ocrx_word' id='word_1_49' title='bbox 751 1104 901 1168; x_wconf 82' lang='lat' dir='ltr'>carminis</span> <span class='ocrx_word' id='word_1_50' title='bbox 916 1104 1008 1170; x_wconf 90' lang='lat' dir='ltr'>huius</span> <span class='ocrx_word' id='word_1_51' title='bbox 1024 1106 1148 1169; x_wconf 88' lang='lat' dir='ltr'>auctore</span> <span class='ocrx_word' id='word_1_52' title='bbox 1164 1105 1341 1186; x_wconf 87' lang='lat' dir='ltr'>patiuntur.</span> 
     </span>
    </p>
   </div>
   <div class='ocr_carea' id='block_1_3' title="bbox 126 1225 1342 1828">
    <p class='ocr_par' dir='ltr' id='par_1_3' title="bbox 126 1225 1342 1828">
     <span class='ocr_line' id='line_1_8' title="bbox 257 1225 1342 1309; baseline -0.003 -16"><span class='ocrx_word' id='word_1_53' title='bbox 257 1232 303 1293; x_wconf 86' lang='lat' dir='ltr'>Aa</span> <span class='ocrx_word' id='word_1_54' title='bbox 336 1228 472 1309; x_wconf 86' lang='lat' dir='ltr'>primum</span> <span class='ocrx_word' id='word_1_55' title='bbox 510 1227 632 1306; x_wconf 88' lang='lat' dir='ltr'>quidem</span> <span class='ocrx_word' id='word_1_56' title='bbox 671 1225 751 1307; x_wconf 88' lang='lat' dir='ltr'>quad</span> <span class='ocrx_word' id='word_1_57' title='bbox 786 1225 918 1290; x_wconf 85' lang='lat' dir='ltr'>Ovidius</span> <span class='ocrx_word' id='word_1_58' title='bbox 955 1226 1078 1307; x_wconf 81' lang='lat' dir='ltr'>saepIus</span> <span class='ocrx_word' id='word_1_59' title='bbox 1113 1245 1205 1308; x_wconf 90' lang='lat' dir='ltr'>quam</span> <span class='ocrx_word' id='word_1_60' title='bbox 1243 1227 1342 1291; x_wconf 88' lang='lat' dir='ltr'>ceteri</span> 
     </span>
     <span class='ocr_line' id='line_1_9' title="bbox 156 1329 1340 1417; baseline -0.002 -20"><span class='ocrx_word' id='word_1_61' title='bbox 156 1334 266 1417; x_wconf 86' lang='lat' dir='ltr'>poetae</span> <span class='ocrx_word' id='word_1_62' title='bbox 288 1330 421 1396; x_wconf 85' lang='lat' dir='ltr'>Romani</span> <span class='ocrx_word' id='word_1_63' title='bbox 444 1347 515 1393; x_wconf 93' lang='lat' dir='ltr'>suos</span> <span class='ocrx_word' id='word_1_64' title='bbox 538 1331 603 1413; x_wconf 87' lang='lat' dir='ltr'>ipse</span> <span class='ocrx_word' id='word_1_65' title='bbox 625 1347 733 1394; x_wconf 82' lang='lat' dir='ltr'>versus</span> <span class='ocrx_word' id='word_1_66' title='bbox 756 1329 811 1393; x_wconf 88' lang='lat' dir='ltr'>aut</span> <span class='ocrx_word' id='word_1_67' title='bbox 840 1332 923 1394; x_wconf 90' lang='lat' dir='ltr'>totas</span> <span class='ocrx_word' id='word_1_68' title='bbox 958 1337 1012 1394; x_wconf 87' lang='lat' dir='ltr'>aut</span> <span class='ocrx_word' id='word_1_69' title='bbox 1044 1330 1156 1394; x_wconf 88' lang='lat' dir='ltr'>saltam</span> <span class='ocrx_word' id='word_1_70' title='bbox 1189 1348 1340 1395; x_wconf 85' lang='lat' dir='ltr'>uersuum</span> 
     </span>
     <span class='ocr_line' id='line_1_10' title="bbox 157 1432 1339 1518; baseline -0.002 -18"><span class='ocrx_word' id='word_1_71' title='bbox 157 1438 262 1518; x_wconf 86' lang='lat' dir='ltr'>partes</span> <span class='ocrx_word' id='word_1_72' title='bbox 295 1435 373 1499; x_wconf 90' lang='lat' dir='ltr'>solet</span> <span class='ocrx_word' id='word_1_73' title='bbox 406 1436 554 1516; x_wconf 76' lang='lat' dir='ltr'>repetere,</span> <span class='ocrx_word' id='word_1_74' title='bbox 590 1433 622 1496; x_wconf 89' lang='lat' dir='ltr'>in</span> <span class='ocrx_word' id='word_1_75' title='bbox 646 1433 820 1514; x_wconf 86' lang='lat' dir='ltr'>complures</span> <span class='ocrx_word' id='word_1_76' title='bbox 851 1432 942 1497; x_wconf 90' lang='lat' dir='ltr'>huius</span> <span class='ocrx_word' id='word_1_77' title='bbox 970 1433 1070 1498; x_wconf 91' lang='lat' dir='ltr'>libelli</span> <span class='ocrx_word' id='word_1_78' title='bbox 1103 1452 1210 1497; x_wconf 88' lang='lat' dir='ltr'>versus</span> <span class='ocrx_word' id='word_1_79' title='bbox 1243 1433 1339 1498; x_wconf 82' lang='lat' dir='ltr'>eadit</span> 
     </span>
     <span class='ocr_line' id='line_1_11' title="bbox 126 1535 1338 1618; baseline -0.003 -14"><span class='ocrx_word' id='word_1_80' title='bbox 126 1535 127 1538; x_wconf 65' lang='grc'>’</span> <span class='ocrx_word' id='word_1_81' title='bbox 156 1541 229 1604; x_wconf 90' lang='lat' dir='ltr'>sunt</span> <span class='ocrx_word' id='word_1_82' title='bbox 251 1538 356 1602; x_wconf 90' lang='lat' dir='ltr'>autem</span> <span class='ocrx_word' id='word_1_83' title='bbox 386 1536 420 1600; x_wconf 92' lang='lat' dir='ltr'>hi</span> <span class='ocrx_word' id='word_1_84' title='bbox 451 1536 580 1618; x_wconf 87' lang='lat' dir='ltr'>(passim</span> <span class='ocrx_word' id='word_1_85' title='bbox 613 1536 709 1599; x_wconf 89' lang='lat' dir='ltr'>etiam</span> <span class='ocrx_word' id='word_1_86' title='bbox 739 1537 818 1601; x_wconf 91' lang='lat' dir='ltr'>tales</span> <span class='ocrx_word' id='word_1_87' title='bbox 851 1535 1026 1601; x_wconf 82' lang='lat' dir='ltr'>adscribam</span> <span class='ocrx_word' id='word_1_88' title='bbox 1049 1555 1169 1614; x_wconf 86' lang='lat' dir='ltr'>versus,</span> <span class='ocrx_word' id='word_1_89' title='bbox 1204 1537 1258 1618; x_wconf 91' lang='lat' dir='ltr'>qui</span> <span class='ocrx_word' id='word_1_90' title='bbox 1286 1536 1338 1600; x_wconf 89' lang='lat' dir='ltr'>in-</span> 
     </span>
     <span class='ocr_line' id='line_1_12' title="bbox 156 1638 1338 1725; baseline -0.003 -19"><span class='ocrx_word' id='word_1_91' title='bbox 156 1643 276 1725; x_wconf 84' lang='lat' dir='ltr'>signem</span> <span class='ocrx_word' id='word_1_92' title='bbox 298 1659 372 1723; x_wconf 89' lang='lat' dir='ltr'>prae</span> <span class='ocrx_word' id='word_1_93' title='bbox 395 1659 427 1704; x_wconf 87' lang='lat' dir='ltr'>se</span> <span class='ocrx_word' id='word_1_94' title='bbox 450 1639 555 1703; x_wconf 86' lang='lat' dir='ltr'>ferunt</span> <span class='ocrx_word' id='word_1_95' title='bbox 578 1638 816 1704; x_wconf 88' lang='lat' dir='ltr'>similitudinem</span> <span class='ocrx_word' id='word_1_96' title='bbox 839 1640 1029 1720; x_wconf 62' lang='lat' dir='ltr'>structuram</span> <span class='ocrx_word' id='word_1_97' title='bbox 1052 1658 1124 1704; x_wconf 89' lang='lat' dir='ltr'>nam</span> <span class='ocrx_word' id='word_1_98' title='bbox 1147 1642 1178 1704; x_wconf 89' lang='lat' dir='ltr'>et</span> <span class='ocrx_word' id='word_1_99' title='bbox 1200 1641 1259 1704; x_wconf 90' lang='lat' dir='ltr'>hoe</span> <span class='ocrx_word' id='word_1_100' title='bbox 1280 1639 1338 1704; x_wconf 89' lang='lat' dir='ltr'>aii-</span> 
     </span>
     <span class='ocr_line' id='line_1_13' title="bbox 157 1741 1271 1828; baseline -0.004 -18"><span class='ocrx_word' id='word_1_101' title='bbox 157 1746 230 1828; x_wconf 88' lang='lat' dir='ltr'>quid</span> <span class='ocrx_word' id='word_1_102' title='bbox 254 1742 431 1825; x_wconf 86' lang='lat' dir='ltr'>argumenti</span> <span class='ocrx_word' id='word_1_103' title='bbox 454 1742 567 1806; x_wconf 90' lang='lat' dir='ltr'>habere</span> <span class='ocrx_word' id='word_1_104' title='bbox 589 1741 722 1820; x_wconf 89' lang='lat' dir='ltr'>videtur,</span> <span class='ocrx_word' id='word_1_105' title='bbox 745 1743 771 1806; x_wconf 91' lang='lat' dir='ltr'>si</span> <span class='ocrx_word' id='word_1_106' title='bbox 794 1743 869 1807; x_wconf 89' lang='lat' dir='ltr'>haee</span> <span class='ocrx_word' id='word_1_107' title='bbox 890 1742 1057 1807; x_wconf 86' lang='lat' dir='ltr'>intercedit</span> <span class='ocrx_word' id='word_1_108' title='bbox 1080 1742 1271 1806; x_wconf 86' lang='lat' dir='ltr'>similitudo:</span> 
     </span>
    </p>
   </div>
   <div class='ocr_carea' id='block_1_4' title="bbox 154 1862 1231 2461">
    <p class='ocr_par' dir='ltr' id='par_1_4' title="bbox 154 1862 1231 2461">
     <span class='ocr_line' id='line_1_14' title="bbox 305 1862 1180 1945; baseline -0.007 -13"><span class='ocrx_word' id='word_1_109' title='bbox 305 1887 333 1932; x_wconf 84' lang='lat' dir='ltr'>v.</span> <span class='ocrx_word' id='word_1_110' title='bbox 358 1867 388 1930; x_wconf 91' lang='lat'>8.</span> <span class='ocrx_word' id='word_1_111' title='bbox 412 1863 519 1945; x_wconf 80' lang='lat' dir='ltr'>Nipra</span> <span class='ocrx_word' id='word_1_112' title='bbox 541 1862 596 1926; x_wconf 84' lang='lat' dir='ltr'>sub</span> <span class='ocrx_word' id='word_1_113' title='bbox 618 1862 762 1943; x_wconf 88' lang='lat' dir='ltr'>irupasitc</span> <span class='ocrx_word' id='word_1_114' title='bbox 783 1882 938 1927; x_wconf 87' lang='lat' dir='ltr'>ruarruare</span> <span class='ocrx_word' id='word_1_115' title='bbox 960 1868 1047 1927; x_wconf 90' lang='lat' dir='ltr'>terra</span> <span class='ocrx_word' id='word_1_116' title='bbox 1105 1863 1180 1927; x_wconf 84' lang='lat' dir='ltr'>tutet</span> 
     </span>
     <span class='ocr_line' id='line_1_15' title="bbox 155 1967 1231 2052; baseline -0.01 -13"><span class='ocrx_word' id='word_1_117' title='bbox 155 1974 228 2039; x_wconf 79' lang='lat' dir='ltr'>Am.</span> <span class='ocrx_word' id='word_1_118' title='bbox 241 1971 257 2035; x_wconf 95' lang='grc' dir='ltr'>Ι</span> <span class='ocrx_word' id='word_1_119' title='bbox 271 1970 391 2036; x_wconf 82' lang='lat'><strong>8104:</strong></span> <span class='ocrx_word' id='word_1_120' title='bbox 415 1968 524 2047; x_wconf 84' lang='lat' dir='ltr'>lupia</span> <span class='ocrx_word' id='word_1_121' title='bbox 546 1967 601 2030; x_wconf 87' lang='lat' dir='ltr'>sub</span> <span class='ocrx_word' id='word_1_122' title='bbox 625 1967 711 2032; x_wconf 82' lang='lat' dir='ltr'>dulci</span> <span class='ocrx_word' id='word_1_123' title='bbox 785 1967 874 2032; x_wconf 86' lang='lat' dir='ltr'>ureiie</span> <span class='ocrx_word' id='word_1_124' title='bbox 959 1988 1077 2032; x_wconf 88' lang='lat' dir='ltr'>ceueua</span> <span class='ocrx_word' id='word_1_125' title='bbox 1106 1968 1231 2052; x_wconf 86' lang='lat' dir='ltr'>iateut):</span> 
     </span>
     <span class='ocr_line' id='line_1_16' title="bbox 352 2069 1130 2153; baseline -0.004 -15"><span class='ocrx_word' id='word_1_126' title='bbox 352 2074 389 2138; x_wconf 88' lang='lat'>6:</span> <span class='ocrx_word' id='word_1_127' title='bbox 413 2070 570 2151; x_wconf 74' lang='lat' dir='ltr'>Fissaque</span> <span class='ocrx_word' id='word_1_128' title='bbox 613 2069 782 2152; x_wconf 85' lang='lat' dir='ltr'>adoptivas</span> <span class='ocrx_word' id='word_1_129' title='bbox 804 2071 920 2152; x_wconf 87' lang='lat' dir='ltr'>accipit</span> <span class='ocrx_word' id='word_1_130' title='bbox 943 2072 1038 2135; x_wconf 87' lang='lat' dir='ltr'>arbor</span> <span class='ocrx_word' id='word_1_131' title='bbox 1060 2090 1130 2153; x_wconf 90' lang='lat' dir='ltr'>opes</span> 
     </span>
     <span class='ocr_line' id='line_1_17' title="bbox 154 2173 1129 2255; baseline -0.006 -11"><span class='ocrx_word' id='word_1_132' title='bbox 154 2180 195 2245; x_wconf 87' lang='lat' dir='ltr'>A.</span> <span class='ocrx_word' id='word_1_133' title='bbox 213 2178 291 2243; x_wconf 89' lang='lat' dir='ltr'>a.H</span> <span class='ocrx_word' id='word_1_134' title='bbox 314 2176 392 2242; x_wconf 81' lang='lat'>652:</span> <span class='ocrx_word' id='word_1_135' title='bbox 418 2174 592 2254; x_wconf 76' lang='lat' dir='ltr'>Firmaque</span> <span class='ocrx_word' id='word_1_136' title='bbox 614 2174 779 2255; x_wconf 84' lang='lat' dir='ltr'>adoptivas</span> <span class='ocrx_word' id='word_1_137' title='bbox 801 2174 896 2237; x_wconf 87' lang='lat' dir='ltr'>arbor</span> <span class='ocrx_word' id='word_1_138' title='bbox 916 2173 1038 2238; x_wconf 85' lang='lat' dir='ltr'>babebit</span> <span class='ocrx_word' id='word_1_139' title='bbox 1059 2193 1129 2254; x_wconf 91' lang='lat' dir='ltr'>opes</span> 
     </span>
     <span class='ocr_line' id='line_1_18' title="bbox 353 2277 1154 2358; baseline -0.005 -14"><span class='ocrx_word' id='word_1_140' title='bbox 353 2279 391 2344; x_wconf 88' lang='lat'>8:</span> <span class='ocrx_word' id='word_1_141' title='bbox 416 2277 523 2358; x_wconf 81' lang='lat' dir='ltr'>Nipra</span> <span class='ocrx_word' id='word_1_142' title='bbox 544 2277 601 2340; x_wconf 89' lang='lat' dir='ltr'>sub</span> <span class='ocrx_word' id='word_1_143' title='bbox 622 2278 769 2356; x_wconf 90' lang='lat' dir='ltr'>irupcsita</span> <span class='ocrx_word' id='word_1_144' title='bbox 791 2297 948 2341; x_wconf 87' lang='lat' dir='ltr'>ucaruore</span> <span class='ocrx_word' id='word_1_145' title='bbox 970 2282 1058 2342; x_wconf 89' lang='lat' dir='ltr'>terra</span> <span class='ocrx_word' id='word_1_146' title='bbox 1080 2277 1154 2341; x_wconf 86' lang='lat' dir='ltr'>iatei</span> 
     </span>
     <span class='ocr_line' id='line_1_19' title="bbox 186 2378 1155 2461; baseline -0.005 -11"><span class='ocrx_word' id='word_1_147' title='bbox 186 2385 271 2450; x_wconf 80' lang='lat' dir='ltr'>Fast.</span> <span class='ocrx_word' id='word_1_148' title='bbox 288 2384 318 2448; x_wconf 94' lang='lat' dir='ltr'>II</span> <span class='ocrx_word' id='word_1_149' title='bbox 336 2381 391 2446; x_wconf 70' lang='lat'>722</span> <span class='ocrx_word' id='word_1_150' title='bbox 416 2378 575 2461; x_wconf 80' lang='lat' dir='ltr'>Concitet,</span> <span class='ocrx_word' id='word_1_151' title='bbox 598 2385 654 2442; x_wconf 89' lang='lat' dir='ltr'>aut</span> <span class='ocrx_word' id='word_1_152' title='bbox 670 2380 780 2461; x_wconf 87' lang='lat' dir='ltr'>posita</span> <span class='ocrx_word' id='word_1_153' title='bbox 801 2381 856 2444; x_wconf 87' lang='lat' dir='ltr'>sub</span> <span class='ocrx_word' id='word_1_154' title='bbox 879 2381 948 2444; x_wconf 83' lang='lat' dir='ltr'>reice</span> <span class='ocrx_word' id='word_1_155' title='bbox 971 2385 1057 2443; x_wconf 87' lang='lat' dir='ltr'>terra</span> <span class='ocrx_word' id='word_1_156' title='bbox 1081 2382 1155 2445; x_wconf 89' lang='lat' dir='ltr'>iatet</span> 
     </span>
    </p>
   </div>
   <div class='ocr_carea' id='block_1_5' title="bbox 158 2501 571 2590">
    <p class='ocr_par' dir='ltr' id='par_1_5' title="bbox 158 2501 571 2590">
     <span class='ocr_line' id='line_1_20' title="bbox 158 2501 571 2590; baseline -0.019 -18"><span class='ocrx_word' id='word_1_157' title='bbox 158 2506 244 2590; x_wconf 84' lang='lat' dir='ltr'>(Am.</span> <span class='ocrx_word' id='word_1_158' title='bbox 260 2505 276 2569; x_wconf 95' lang='lat' dir='ltr'>I</span> <span class='ocrx_word' id='word_1_159' title='bbox 292 2505 321 2569; x_wconf 89' lang='lat'>8.</span> <span class='ocrx_word' id='word_1_160' title='bbox 342 2503 403 2568; x_wconf 87' lang='grc'>104</span> <span class='ocrx_word' id='word_1_161' title='bbox 419 2521 448 2567; x_wconf 87' lang='lat' dir='ltr'>u.</span> <span class='ocrx_word' id='word_1_162' title='bbox 464 2501 571 2585; x_wconf 83' lang='lat' dir='ltr'>supra)</span> 
     </span>
    </p>
   </div>
   <div class='ocr_carea' id='block_1_6' title="bbox 152 2623 1230 3002">
    <p class='ocr_par' dir='ltr' id='par_1_6' title="bbox 332 2623 1229 2794">
     <span class='ocr_line' id='line_1_21' title="bbox 332 2623 1229 2706; baseline -0.004 -16"><span class='ocrx_word' id='word_1_163' title='bbox 332 2627 388 2690; x_wconf 88' lang='lat'>11:</span> <span class='ocrx_word' id='word_1_164' title='bbox 412 2623 568 2688; x_wconf 89' lang='lat' dir='ltr'>Forsitau</span> <span class='ocrx_word' id='word_1_165' title='bbox 600 2624 754 2704; x_wconf 87' lang='lat' dir='ltr'>autiquae</span> <span class='ocrx_word' id='word_1_166' title='bbox 789 2623 881 2687; x_wconf 80' lang='lat' dir='ltr'>Tatio</span> <span class='ocrx_word' id='word_1_167' title='bbox 910 2624 965 2688; x_wconf 88' lang='lat' dir='ltr'>sub</span> <span class='ocrx_word' id='word_1_168' title='bbox 988 2644 1056 2706; x_wconf 84' lang='lat' dir='ltr'>repe</span> <span class='ocrx_word' id='word_1_169' title='bbox 1090 2623 1229 2688; x_wconf 81' lang='lat' dir='ltr'>Sabiuae</span> 
     </span>
     <span class='ocr_line' id='line_1_22' title="bbox 454 2727 695 2794; baseline 0.008 -2"><span class='ocrx_word' id='word_1_170' title='bbox 454 2727 652 2794; x_wconf 86' lang='lat' dir='ltr'>Malueriut.</span> <span class='ocrx_word' id='word_1_171' title='bbox 666 2778 673 2794; x_wconf 92' lang='lat'><strong>.</strong></span> <span class='ocrx_word' id='word_1_172' title='bbox 687 2777 695 2794; x_wconf 93' lang='lat'><strong>.</strong></span> 
     </span>
    </p>

    <p class='ocr_par' dir='ltr' id='par_1_7' title="bbox 152 2830 1230 3002">
     <span class='ocr_line' id='line_1_23' title="bbox 152 2830 1230 2915; baseline -0.004 -17"><span class='ocrx_word' id='word_1_173' title='bbox 152 2832 256 2898; x_wconf 78' lang='lat' dir='ltr'>Ami</span> <span class='ocrx_word' id='word_1_174' title='bbox 279 2830 384 2898; x_wconf 83' lang='lat'><strong>839:</strong></span> <span class='ocrx_word' id='word_1_175' title='bbox 409 2830 563 2895; x_wconf 78' lang='lat' dir='ltr'>Forsitan</span> <span class='ocrx_word' id='word_1_176' title='bbox 584 2830 767 2915; x_wconf 85' lang='lat' dir='ltr'>iuruuudae,</span> <span class='ocrx_word' id='word_1_177' title='bbox 793 2831 888 2897; x_wconf 80' lang='lat' dir='ltr'>Tatio</span> <span class='ocrx_word' id='word_1_178' title='bbox 909 2836 1069 2915; x_wconf 77' lang='lat' dir='ltr'>aequante,</span> <span class='ocrx_word' id='word_1_179' title='bbox 1087 2831 1230 2898; x_wconf 77' lang='lat' dir='ltr'>Sabinae</span> 
     </span>
     <span class='ocr_line' id='line_1_24' title="bbox 460 2933 689 3002; baseline 0.022 -6"><span class='ocrx_word' id='word_1_180' title='bbox 460 2933 646 3002; x_wconf 78' lang='lat' dir='ltr'>Norueuur.</span> <span class='ocrx_word' id='word_1_181' title='bbox 660 2986 667 3001; x_wconf 99' lang='lat'><strong>.</strong></span> <span class='ocrx_word' id='word_1_182' title='bbox 681 2986 689 3001; x_wconf 95' lang='lat'><strong>.</strong></span> 
     </span>
    </p>
   </div>
   <div class='ocr_carea' id='block_1_7' title="bbox 148 3034 1384 4460">
    <p class='ocr_par' dir='ltr' id='par_1_8' title="bbox 148 3034 1384 4460">
     <span class='ocr_line' id='line_1_25' title="bbox 331 3034 1169 3120; baseline 0.002 -21"><span class='ocrx_word' id='word_1_183' title='bbox 331 3036 387 3100; x_wconf 86' lang='lat'>14:</span> <span class='ocrx_word' id='word_1_184' title='bbox 411 3034 588 3099; x_wconf 84' lang='lat' dir='ltr'>Assiduuur</span> <span class='ocrx_word' id='word_1_185' title='bbox 710 3038 791 3101; x_wconf 88' lang='lat' dir='ltr'>duro</span> <span class='ocrx_word' id='word_1_186' title='bbox 839 3038 963 3120; x_wconf 61' lang='lat' dir='ltr'>*pattice</span> <span class='ocrx_word' id='word_1_187' title='bbox 986 3038 1077 3103; x_wconf 91' lang='lat' dir='ltr'>uebat</span> <span class='ocrx_word' id='word_1_188' title='bbox 1092 3057 1169 3120; x_wconf 87' lang='lat' dir='ltr'>opus</span> 
     </span>
     <span class='ocr_line' id='line_1_26' title="bbox 230 3138 1167 3227; baseline 0 -23"><span class='ocrx_word' id='word_1_189' title='bbox 230 3140 309 3204; x_wconf 91' lang='lat' dir='ltr'>Ibid.</span> <span class='ocrx_word' id='word_1_190' title='bbox 327 3138 386 3202; x_wconf 73' lang='lat'>76:</span> <span class='ocrx_word' id='word_1_191' title='bbox 412 3138 558 3219; x_wconf 76' lang='lat' dir='ltr'>Quaeque</span> <span class='ocrx_word' id='word_1_192' title='bbox 581 3143 688 3202; x_wconf 89' lang='lat' dir='ltr'>raturu</span> <span class='ocrx_word' id='word_1_193' title='bbox 710 3140 832 3227; x_wconf 82' lang='lat' dir='ltr'>tripiici</span> <span class='ocrx_word' id='word_1_194' title='bbox 849 3140 965 3221; x_wconf 81' lang='lat' dir='ltr'>polliae</span> <span class='ocrx_word' id='word_1_195' title='bbox 987 3141 1069 3204; x_wconf 84' lang='lat' dir='ltr'>uatis</span> <span class='ocrx_word' id='word_1_196' title='bbox 1091 3160 1167 3220; x_wconf 86' lang='lat' dir='ltr'>epus</span> 
     </span>
     <span class='ocr_line' id='line_1_27' title="bbox 331 3240 1049 3326; baseline 0.003 -22"><span class='ocrx_word' id='word_1_197' title='bbox 331 3241 386 3306; x_wconf 86' lang='lat'>18:</span> <span class='ocrx_word' id='word_1_198' title='bbox 417 3240 520 3305; x_wconf 79' lang='lat' dir='ltr'>Vultis</span> <span class='ocrx_word' id='word_1_199' title='bbox 550 3242 704 3305; x_wconf 87' lang='lat' dir='ltr'>iuaurata</span> <span class='ocrx_word' id='word_1_200' title='bbox 738 3262 869 3324; x_wconf 87' lang='lat' dir='ltr'>corpora</span> <span class='ocrx_word' id='word_1_201' title='bbox 890 3247 967 3306; x_wconf 88' lang='lat' dir='ltr'>ueste</span> <span class='ocrx_word' id='word_1_202' title='bbox 989 3244 1049 3326; x_wconf 81' lang='lat' dir='ltr'>tepi</span> 
     </span>
     <span class='ocr_line' id='line_1_28' title="bbox 152 3344 1050 3428; baseline -0.003 -17"><span class='ocrx_word' id='word_1_203' title='bbox 152 3347 226 3411; x_wconf 90' lang='lat' dir='ltr'>Her.</span> <span class='ocrx_word' id='word_1_204' title='bbox 236 3345 314 3412; x_wconf 88' lang='lat' dir='ltr'>XIII</span> <span class='ocrx_word' id='word_1_205' title='bbox 329 3345 387 3410; x_wconf 81' lang='lat'>32:</span> <span class='ocrx_word' id='word_1_206' title='bbox 412 3344 477 3409; x_wconf 86' lang='lat' dir='ltr'>Nec</span> <span class='ocrx_word' id='word_1_207' title='bbox 502 3345 573 3409; x_wconf 87' lang='lat' dir='ltr'>tibet</span> <span class='ocrx_word' id='word_1_208' title='bbox 594 3350 714 3409; x_wconf 89' lang='lat' dir='ltr'>aurata</span> <span class='ocrx_word' id='word_1_209' title='bbox 736 3366 868 3428; x_wconf 84' lang='lat' dir='ltr'>corpora</span> <span class='ocrx_word' id='word_1_210' title='bbox 889 3350 967 3409; x_wconf 83' lang='lat' dir='ltr'>ueste</span> <span class='ocrx_word' id='word_1_211' title='bbox 989 3345 1050 3428; x_wconf 81' lang='lat' dir='ltr'>iepi</span> 
     </span>
     <span class='ocr_line' id='line_1_29' title="bbox 329 3446 1115 3528; baseline 0 -18"><span class='ocrx_word' id='word_1_212' title='bbox 329 3448 383 3514; x_wconf 84' lang='lat'>19:</span> <span class='ocrx_word' id='word_1_213' title='bbox 416 3446 519 3510; x_wconf 77' lang='lat' dir='ltr'>Vultis</span> <span class='ocrx_word' id='word_1_214' title='bbox 541 3446 683 3511; x_wconf 88' lang='lat' dir='ltr'>odoratos</span> <span class='ocrx_word' id='word_1_215' title='bbox 701 3448 808 3528; x_wconf 91' lang='lat' dir='ltr'>positu</span> <span class='ocrx_word' id='word_1_216' title='bbox 830 3449 958 3511; x_wconf 88' lang='lat' dir='ltr'>uariare</span> <span class='ocrx_word' id='word_1_217' title='bbox 981 3446 1115 3527; x_wconf 88' lang='lat' dir='ltr'>eapiitos</span> 
     </span>
     <span class='ocr_line' id='line_1_30' title="bbox 152 3548 1114 3636; baseline -0.001 -22"><span class='ocrx_word' id='word_1_218' title='bbox 152 3553 221 3614; x_wconf 88' lang='lat' dir='ltr'>Am.</span> <span class='ocrx_word' id='word_1_219' title='bbox 237 3550 288 3615; x_wconf 88' lang='lat' dir='ltr'>III</span> <span class='ocrx_word' id='word_1_220' title='bbox 307 3552 334 3614; x_wconf 91' lang='lat'>1.</span> <span class='ocrx_word' id='word_1_221' title='bbox 351 3549 387 3615; x_wconf 79' lang='lat'>7:</span> <span class='ocrx_word' id='word_1_222' title='bbox 411 3548 501 3614; x_wconf 88' lang='lat' dir='ltr'>Veuit</span> <span class='ocrx_word' id='word_1_223' title='bbox 538 3551 686 3615; x_wconf 87' lang='lat' dir='ltr'>odoratos</span> <span class='ocrx_word' id='word_1_224' title='bbox 709 3551 841 3633; x_wconf 81' lang='lat' dir='ltr'>Fiepeia</span> <span class='ocrx_word' id='word_1_225' title='bbox 862 3571 946 3614; x_wconf 86' lang='lat' dir='ltr'>ueua</span> <span class='ocrx_word' id='word_1_226' title='bbox 981 3550 1114 3636; x_wconf 81' lang='lat' dir='ltr'>capillos</span> 
     </span>
     <span class='ocr_line' id='line_1_31' title="bbox 150 3651 890 3737; baseline -0.001 -19"><span class='ocrx_word' id='word_1_227' title='bbox 150 3654 243 3737; x_wconf 85' lang='lat' dir='ltr'>(Met.</span> <span class='ocrx_word' id='word_1_228' title='bbox 258 3654 289 3718; x_wconf 92' lang='grc' dir='ltr'><strong><em>Π</em></strong></span> <span class='ocrx_word' id='word_1_229' title='bbox 304 3653 384 3718; x_wconf 84' lang='grc'>412;</span> <span class='ocrx_word' id='word_1_230' title='bbox 410 3651 475 3718; x_wconf 89' lang='lat' dir='ltr'>Nec</span> <span class='ocrx_word' id='word_1_231' title='bbox 494 3655 601 3734; x_wconf 89' lang='lat' dir='ltr'>positu</span> <span class='ocrx_word' id='word_1_232' title='bbox 622 3655 752 3717; x_wconf 88' lang='lat' dir='ltr'>uariare</span> <span class='ocrx_word' id='word_1_233' title='bbox 774 3657 890 3732; x_wconf 77' lang='lat' dir='ltr'>coruus)</span> 
     </span>
     <span class='ocr_line' id='line_1_32' title="bbox 327 3755 1085 3839; baseline 0.003 -20"><span class='ocrx_word' id='word_1_234' title='bbox 327 3755 385 3822; x_wconf 80' lang='lat'>21:</span> <span class='ocrx_word' id='word_1_235' title='bbox 408 3756 552 3821; x_wconf 87' lang='lat' dir='ltr'>Iuduitis</span> <span class='ocrx_word' id='word_1_236' title='bbox 574 3758 650 3822; x_wconf 85' lang='lat' dir='ltr'>coito</span> <span class='ocrx_word' id='word_1_237' title='bbox 695 3757 817 3838; x_wconf 78' lang='lat' dir='ltr'>lapides</span> <span class='ocrx_word' id='word_1_238' title='bbox 838 3759 953 3823; x_wconf 88' lang='lat' dir='ltr'>arieute</span> <span class='ocrx_word' id='word_1_239' title='bbox 969 3758 1085 3839; x_wconf 86' lang='lat' dir='ltr'>petitos</span> 
     </span>
     <span class='ocr_line' id='line_1_33' title="bbox 150 3858 1085 3943; baseline -0.002 -17"><span class='ocrx_word' id='word_1_240' title='bbox 150 3859 385 3926; x_wconf 63' lang='lat' dir='ltr'>Medullius:</span> <span class='ocrx_word' id='word_1_241' title='bbox 408 3858 518 3924; x_wconf 79' lang='lat' dir='ltr'>Adicit</span> <span class='ocrx_word' id='word_1_242' title='bbox 539 3865 672 3926; x_wconf 85' lang='lat' dir='ltr'>eutrauo</span> <span class='ocrx_word' id='word_1_243' title='bbox 695 3860 818 3943; x_wconf 83' lang='lat' dir='ltr'>lapides</span> <span class='ocrx_word' id='word_1_244' title='bbox 839 3865 952 3926; x_wconf 86' lang='lat' dir='ltr'>arieute</span> <span class='ocrx_word' id='word_1_245' title='bbox 970 3861 1085 3942; x_wconf 87' lang='lat' dir='ltr'>petitos</span> 
     </span>
     <span class='ocr_line' id='line_1_34' title="bbox 326 3961 1257 4047; baseline 0 -21"><span class='ocrx_word' id='word_1_246' title='bbox 326 3962 382 4027; x_wconf 82' lang='lat'>23:</span> <span class='ocrx_word' id='word_1_247' title='bbox 408 3961 473 4027; x_wconf 90' lang='lat' dir='ltr'>Nec</span> <span class='ocrx_word' id='word_1_248' title='bbox 498 3967 603 4028; x_wconf 88' lang='lat' dir='ltr'>tarueu</span> <span class='ocrx_word' id='word_1_249' title='bbox 625 3963 818 4047; x_wconf 78' lang='lat' dir='ltr'>iudipuuur:</span> <span class='ocrx_word' id='word_1_250' title='bbox 840 3965 881 4028; x_wconf 88' lang='lat' dir='ltr'>sit</span> <span class='ocrx_word' id='word_1_251' title='bbox 902 3964 986 4028; x_wconf 90' lang='lat' dir='ltr'>cobis</span> <span class='ocrx_word' id='word_1_252' title='bbox 1008 3984 1087 4028; x_wconf 93' lang='lat' dir='ltr'>eura</span> <span class='ocrx_word' id='word_1_253' title='bbox 1104 3963 1257 4044; x_wconf 85' lang='lat' dir='ltr'>piaceudi</span> 
     </span>
     <span class='ocr_line' id='line_1_35' title="bbox 150 4050 1384 4152; baseline -0.002 -22"><span class='ocrx_word' id='word_1_254' title='bbox 150 4065 246 4132; x_wconf 67' lang='lat' dir='ltr'>Anu</span> <span class='ocrx_word' id='word_1_255' title='bbox 263 4065 311 4130; x_wconf 93' lang='lat'>10.</span> <span class='ocrx_word' id='word_1_256' title='bbox 324 4064 382 4130; x_wconf 83' lang='lat'>53:</span> <span class='ocrx_word' id='word_1_257' title='bbox 406 4063 472 4129; x_wconf 86' lang='lat' dir='ltr'>Nee</span> <span class='ocrx_word' id='word_1_258' title='bbox 494 4070 599 4152; x_wconf 77' lang='lat' dir='ltr'>taurea</span> <span class='ocrx_word' id='word_1_259' title='bbox 621 4066 792 4150; x_wconf 82' lang='lat' dir='ltr'>iudipuuru</span> <span class='ocrx_word' id='word_1_260' title='bbox 818 4069 873 4149; x_wconf 88' lang='lat' dir='ltr'>(est</span> <span class='ocrx_word' id='word_1_261' title='bbox 896 4067 1035 4131; x_wconf 89' lang='lat' dir='ltr'>adicite</span> <span class='ocrx_word' id='word_1_262' title='bbox 1055 4067 1206 4148; x_wconf 85' lang='lat' dir='ltr'>praeuia</span> <span class='ocrx_word' id='word_1_263' title='bbox 1223 4050 1384 4148; x_wconf 55' lang='lat' dir='ltr'>posci:</span> 
     </span>
     <span class='ocr_line' id='line_1_36' title="bbox 324 4166 1290 4252; baseline 0.002 -20"><span class='ocrx_word' id='word_1_264' title='bbox 324 4168 382 4232; x_wconf 82' lang='lat'>31:</span> <span class='ocrx_word' id='word_1_265' title='bbox 404 4166 465 4232; x_wconf 86' lang='lat' dir='ltr'>Est</span> <span class='ocrx_word' id='word_1_266' title='bbox 486 4169 582 4233; x_wconf 85' lang='lat' dir='ltr'>etiaru</span> <span class='ocrx_word' id='word_1_267' title='bbox 599 4170 762 4249; x_wconf 75' lang='lat' dir='ltr'>placuisse</span> <span class='ocrx_word' id='word_1_268' title='bbox 785 4170 845 4235; x_wconf 89' lang='lat' dir='ltr'>sibi</span> <span class='ocrx_word' id='word_1_269' title='bbox 867 4191 1075 4252; x_wconf 87' lang='lat' dir='ltr'>quaecuuque</span> <span class='ocrx_word' id='word_1_270' title='bbox 1139 4170 1290 4250; x_wconf 82' lang='lat' dir='ltr'>aotreptas</span> 
     </span>
     <span class='ocr_line' id='line_1_37' title="bbox 148 4269 1293 4355; baseline 0.003 -21"><span class='ocrx_word' id='word_1_271' title='bbox 148 4271 224 4336; x_wconf 89' lang='lat' dir='ltr'>Her.</span> <span class='ocrx_word' id='word_1_272' title='bbox 242 4270 304 4336; x_wconf 87' lang='lat' dir='ltr'>XII</span> <span class='ocrx_word' id='word_1_273' title='bbox 326 4270 382 4337; x_wconf 76' lang='lat'>21:</span> <span class='ocrx_word' id='word_1_274' title='bbox 404 4269 465 4336; x_wconf 84' lang='lat' dir='ltr'>Est</span> <span class='ocrx_word' id='word_1_275' title='bbox 486 4271 597 4352; x_wconf 76' lang='lat' dir='ltr'>aliqua</span> <span class='ocrx_word' id='word_1_276' title='bbox 618 4272 745 4355; x_wconf 73' lang='lat' dir='ltr'>¹iuprato</span> <span class='ocrx_word' id='word_1_277' title='bbox 768 4273 913 4338; x_wconf 84' lang='lat' dir='ltr'>meritura</span> <span class='ocrx_word' id='word_1_278' title='bbox 935 4273 1120 4354; x_wconf 77' lang='lat' dir='ltr'>exprobrare</span> <span class='ocrx_word' id='word_1_279' title='bbox 1142 4273 1293 4355; x_wconf 79' lang='lat' dir='ltr'>uoluptas</span> 
     </span>
     <span class='ocr_line' id='line_1_38' title="bbox 173 4372 1290 4460; baseline 0.003 -21"><span class='ocrx_word' id='word_1_280' title='bbox 173 4402 189 4439; x_wconf 74' lang='lat' dir='ltr'>a</span> <span class='ocrx_word' id='word_1_281' title='bbox 213 4372 288 4438; x_wconf 88' lang='lat' dir='ltr'>XVI</span> <span class='ocrx_word' id='word_1_282' title='bbox 306 4374 382 4439; x_wconf 83' lang='lat'>131:</span> <span class='ocrx_word' id='word_1_283' title='bbox 405 4373 523 4438; x_wconf 87' lang='lat' dir='ltr'>Prima</span> <span class='ocrx_word' id='word_1_284' title='bbox 545 4395 614 4439; x_wconf 88' lang='lat' dir='ltr'>mea</span> <span class='ocrx_word' id='word_1_285' title='bbox 636 4380 680 4440; x_wconf 88' lang='lat' dir='ltr'>cst</span> <span class='ocrx_word' id='word_1_286' title='bbox 701 4377 801 4459; x_wconf 81' lang='lat' dir='ltr'>ipitur</span> <span class='ocrx_word' id='word_1_287' title='bbox 823 4376 935 4441; x_wconf 86' lang='lat' dir='ltr'>Veueri</span> <span class='ocrx_word' id='word_1_288' title='bbox 951 4377 1113 4458; x_wconf 75' lang='lat' dir='ltr'>placuisse</span> <span class='ocrx_word' id='word_1_289' title='bbox 1139 4378 1290 4460; x_wconf 85' lang='lat' dir='ltr'>uoiuptas</span> 
     </span>
    </p>
   </div>
   <div class='ocr_carea' id='block_1_8' title="bbox 0 0 1496 5040">
    <p class='ocr_par' dir='ltr' id='par_1_9' title="bbox 0 0 1496 5040">
     <span class='ocr_line' id='line_1_39' title="bbox 0 0 1496 5040; baseline 0 3"><span class='ocrx_word' id='word_1_290' title='bbox 0 0 1496 5040; x_wconf 95' lang='lat' dir='ltr'> </span> 
     </span>
    </p>
   </div>
  </div>
 </body>
</html>
