2984 5040
629 423 843 488 ...70-

151 612 226 675 dum
250 616 307 691 est,
324 610 460 690 proxime
476 608 596 674 accedit
618 611 772 690 scriptura
795 627 872 690 quae
896 609 999 673 estin
1024 606 1051 673 O
1076 608 1233 692 fripifcrc,
1262 631 1333 677 cum

151 714 186 778 in
215 714 342 794 reliquis
371 711 513 775 omnibus
541 711 672 776 audaces
707 712 827 776 exstent
863 710 1064 776 coniecturae.
1102 711 1250 792 induatis
1276 732 1332 797 pro

151 819 306 883 instantis
328 817 476 900 palmaris
500 816 548 880 est
570 816 662 879 Marii
685 816 775 898 Nigri
798 817 983 895 coniectura,
1008 835 1103 898 quam
1117 817 1212 882 etiam
1227 818 1332 882 Mure-

152 927 221 986 tum
245 922 400 985 invenisse
421 920 555 984 testatur
578 916 735 984 Oiofanus.

254 1024 340 1104 Quod
365 1025 402 1088 ad
425 1042 492 1087 rem
508 1021 632 1100 attinet,
649 1023 688 1086 ad
712 1021 838 1103 lupinos
861 1022 892 1086 in
915 1040 1006 1087 versu
1029 1023 1222 1088 antecedenti
1247 1041 1333 1088 oom-

150 1128 337 1191 memoratos
361 1127 477 1207 optime
500 1125 633 1207 quadrat
647 1123 741 1206 foboe
756 1126 850 1207 notio,
874 1129 909 1189 ut
925 1126 964 1189 ad
981 1129 1097 1188 torrere
1112 1128 1142 1190 in
1158 1125 1218 1191 hoo
1241 1146 1333 1192 uersu

149 1230 240 1313 fripc.
275 1230 365 1294 fabae
388 1230 488 1294 farina
510 1229 560 1294 uel
582 1229 757 1293 lomentum
781 1229 889 1293 multis
915 1229 990 1293 locis
1014 1231 1275 1294 commemoratur
1297 1232 1333 1294 ut

152 1335 422 1411 medicamentum,
446 1333 536 1415 quale
560 1331 702 1396 hocloco
726 1332 901 1414 requiritur.
927 1350 962 1395 ac
987 1332 1144 1397 Martialis
1168 1333 1332 1416 Epigram-

152 1442 237 1501 mata
259 1435 371 1501 11142
395 1439 425 1500 ct
450 1435 527 1500 XIV
550 1435 593 1500 60
620 1434 683 1499 iam
707 1433 851 1517 Micyllus
875 1435 1047 1516 adscripsit.
1071 1436 1149 1500 adde
1173 1435 1274 1500 Diosc.
1298 1436 1332 1499 II

153 1540 213 1604 127
236 1532 285 1620 (ab
309 1537 338 1602 δ’
352 1527 482 1622 ἄλευρον
504 1536 562 1602 τοῦ
583 1529 707 1619 κυάμου
715 1586 806 1602 .....
830 1528 944 1621 σμήχει
959 1534 995 1602 δὲ
1010 1535 1064 1602 καὶ
1078 1528 1224 1624 dicacule),
1248 1538 1330 1602 Plin.

152 1642 224 1707 Nat.
240 1643 323 1706 Hist.
340 1640 478 1705 XXXIII
500 1640 528 1702 4.
559 1641 625 1721 (25)
652 1641 703 1717 85,
727 1638 833 1704 Celsus
855 1640 888 1705 lI
912 1641 964 1724 32,
988 1640 1097 1708 Galen.
1111 1638 1171 1705 VII
1193 1640 1330 1722 Simplic.

152 1746 263 1810 medic.
287 1744 345 1819 59,
381 1744 422 1808 al.
445 1743 548 1808 fabam
578 1746 683 1807 autern
705 1741 867 1807 inflantem
890 1743 940 1807 vel
961 1742 1160 1809 flatuientam
1184 1763 1331 1809 essenon

154 1852 199 1912 est
221 1847 301 1929 quod
323 1845 513 1911 testimoniis
536 1847 744 1929 comprobem,
768 1864 848 1927 quae
870 1847 947 1910 satis
966 1864 1117 1927 superque
1134 1846 1331 1910 contulerunt

153 1949 192 2015 ad
221 1951 301 2014 huno
329 1950 430 2014 locum
460 1950 655 2030 interpretes.
693 1950 747 2013 sed
777 1949 804 2012 si
826 1950 889 2013 iam
913 1948 1018 2014 fabam
1041 1948 1204 2014 ludentem
1227 1951 1329 2016 uocari

152 2056 307 2136 patiamur
329 2072 347 2117 a
368 2053 501 2135 poeta,
525 2053 606 2118 iusto
628 2053 751 2136 longius
767 2052 951 2136 processisse
967 2052 1090 2118 videtur
1105 2053 1261 2133 Heinsius,
1278 2054 1327 2136 qui

153 2159 306 2224 coniciens
339 2157 488 2237 inflantes
504 2208 511 2222 .
530 2207 537 2222 .
556 2207 563 2222 .
585 2156 680 2240 fotos
707 2157 802 2222 etiam
830 2155 989 2222 obiectum
1018 2140 1150 2235 corpo'ro
1184 2157 1328 2221 attribuit

152 2260 248 2326 verbo
272 2261 325 2324 isti
347 2280 400 2342 per
423 2279 456 2324 se
478 2262 526 2325 sat
548 2261 691 2325 molesto.

255 2363 408 2446 Equidem
431 2382 561 2444 corporo
583 2363 642 2428 hoo
664 2364 729 2427 loco
754 2364 937 2444 usurpatum
959 2382 1026 2428 esse
1048 2365 1124 2444 puto
1140 2381 1194 2444 pro
1213 2383 1325 2446 prono,

153 2486 230 2552 quae
251 2467 453 2550 significatio,
489 2466 549 2531 etsi
578 2483 638 2531 non
662 2470 921 2530 commemoratur
942 2467 975 2530 in
997 2465 1120 2549 lexicis,
1154 2469 1261 2533 tamen
1282 2465 1325 2531 his

154 2571 372 2653 comprobatur
394 2570 551 2654 exemplis.
576 2567 631 2633 Ov.
656 2569 706 2633 Tr.
731 2569 799 2635 15.
822 2569 881 2634 48:

255 2673 313 2737 Tot
334 2672 422 2738 molo
444 2693 514 2737 som
529 2691 657 2754 possus,
681 2677 755 2754 quot
776 2673 813 2736 irc
836 2672 955 2736 octbcrc
976 2673 1083 2737 sidero
1106 2674 1222 2751 luccat,

301 2775 470 2857 Porooquc
493 2782 565 2858 quot
586 2776 685 2841 siccas
708 2794 879 2857 corporo
897 2775 1006 2856 potoo's
1027 2775 1124 2840 bobct

197 2897 273 2961 Met.
297 2896 372 2960 XIV
397 2897 473 2961 137:

557 2987 628 3062 quot
649 2981 772 3045 baberet
794 3001 928 3064 corporo
944 2981 1062 3063 puluis,

260 3084 316 3149 Tot
337 3083 419 3148 mibi
440 3079 566 3149 amotos
588 3084 764 3166 contiopcrc
785 3105 872 3148 υυυυ
893 3085 1010 3168 ropooo'.

256 3204 343 3286 Quod
367 3207 473 3269 autem
490 3203 620 3269 Ovidius
641 3202 734 3283 fabas
756 3206 822 3269 tam
845 3206 923 3270 miro
938 3206 1176 3288 circumscribit,
1193 3206 1327 3289 profecto

155 3309 255 3374 multa
277 3310 309 3372 et
331 3309 363 3372 in
386 3307 444 3372 hob
465 3306 571 3372 libello
594 3308 625 3371 et
647 3307 681 3370 in
710 3308 837 3391 reliquis
861 3310 1051 3375 carminibus
1075 3312 1107 3374 in
1131 3309 1244 3392 primis
1267 3308 1329 3392 epi·

154 3411 244 3476 theta
265 3429 369 3475 rerum
391 3409 579 3492 simplicium
602 3415 776 3491 occurrunt,
800 3429 877 3494 quae
899 3411 987 3477 nulla
1008 3413 1070 3478 alia
1086 3413 1123 3477 de
1139 3431 1233 3478 causa
1250 3415 1331 3478 dicta

154 3532 221 3579 esse
243 3514 386 3579 videntur
409 3514 468 3577 nisi
490 3515 527 3578 ut
555 3513 715 3597 epitheton
748 3513 882 3596 aliquod,
919 3534 978 3596 quo
1000 3533 1049 3579 res
1071 3515 1144 3580 illae
1174 3518 1330 3593 ornentur,

155 3616 316 3682 adiciatur.
345 3634 381 3680 ac
404 3617 480 3698 quid
502 3619 595 3701 putas
618 3618 693 3682 haec
718 3618 889 3700 significare
910 3617 943 3682 in
965 3618 1050 3683 Fast.
1073 3618 1120 3682 IV
1143 3618 1221 3684 734:

259 3718 369 3784 Tertio
390 3739 438 3784 reo
460 3719 560 3784 dorae
582 3719 703 3784 coloreo
718 3720 817 3784 ioooc
829 3721 948 3803 sobac?
971 3724 1018 3787 est
1033 3721 1109 3786 haec
1125 3768 1157 3787 ..
1182 3723 1335 3809 stipula

155 3822 326 3888 iabaoea.
361 3841 440 3905 quae
467 3843 538 3890 cum
567 3824 612 3888 ita
639 3824 717 3903 sint,
748 3823 842 3889 lectio
865 3828 903 3889 ad
926 3824 1002 3890 libri
1024 3823 1177 3889 Marciani
1199 3827 1337 3910 vestigia

159 3927 296 4010 reposita
319 3946 355 3992 ex
377 3926 462 3991 omni
483 3928 571 4008 parto
595 3927 775 3993 satisfacere
798 3927 931 3994 videtur.

258 4029 475 4095 Coniecturam
497 4029 619 4095 Heinsii
641 4030 675 4094 in
691 4049 719 4094 v.
737 4029 778 4094 72
792 4032 982 4112 propositam
998 4031 1108 4114 pc'pro's
1130 4032 1196 4114 (pro
1212 4033 1336 4116 nipris)

155 4134 249 4198 molle
271 4152 332 4199 non
357 4149 648 4211 commemorarem,
672 4132 735 4197 nisi
758 4131 886 4198 eandem
909 4152 1007 4216 nuper
1030 4133 1127 4199 etiam
1147 4133 1180 4200 J.
1203 4136 1237 4203 J.
1261 4133 1337 4200 Cor-

155 4237 290 4301 nelissen
306 4236 405 4301 denuo
421 4235 631 4316 proposuisset
652 4235 823 4318 iisdemque
839 4236 951 4318 quibus
972 4237 1123 4302 Heinsius
1138 4240 1339 4322 argumentis

156 4339 420 4420 commendasset3
443 4337 569 4423 Nipro's,
592 4338 693 4421 inquit
717 4339 877 4416 (Mnemos.
892 4339 947 4404 VI.
969 4359 1001 4405 n.
1025 4359 1049 4404 s.
1072 4361 1103 4423 p.
1126 4341 1215 4424 309),
1231 4340 1340 4423 piam

156 4442 287 4506 otiosum
301 4446 329 4505 ct
350 4439 524 4506 absordum
538 4444 591 4506 cst.
614 4440 737 4521 Lupini
752 4440 806 4506 o'lli
827 4447 855 4507 et
875 4441 968 4524 fuboc
991 4441 1070 4508 teate
1091 4442 1340 4510 commbeocndo
