2984 5040
658 410 699 419 ..
744 374 871 454 83¹..

177 562 270 626 Trist.
288 561 334 626 IV
350 564 378 626 3.
396 564 451 627 37:
482 611 811 629 ................
819 565 862 624 est
884 561 1040 642 quaedam
1056 560 1140 652 flere
1167 561 1311 642 uoluptas

352 666 409 729 32:
434 664 618 747 Virqe'uibus
639 665 725 728 earete'
759 668 913 747 qrataque
935 663 1041 745 farma
1063 669 1151 728 suast

177 768 214 831 Α.
239 786 266 832 a.
291 768 306 830 I
334 769 412 832 624:
437 767 622 850 Virqim'bus
644 787 737 831 aurae
759 771 913 850 qrataque
933 767 1039 848 farma
1061 771 1150 830 suast

352 873 410 936 33:
434 871 605 935 Laudatas
619 871 740 934 haruim'
755 870 889 934 uatumts
904 871 1047 934 quauia
1061 889 1185 950 peuuus

431 974 588 1054 Emptieat

176 1075 249 1141 Am.
262 1078 293 1141 Π
311 1077 340 1140 6.
353 1078 410 1142 55:
434 1076 588 1157 Eaptteat
610 1077 684 1157 ipsa
706 1096 781 1140 suas
805 1078 869 1141 ates
893 1077 1035 1140 quaru'a
1051 1096 1179 1158 queuuas

175 1179 213 1244 A.
239 1199 266 1244 a.
290 1180 307 1242 Ι
334 1181 412 1244 627:
438 1180 605 1243 Laudatas
628 1180 762 1243 ostematt
799 1181 868 1244 auis
891 1181 1036 1243 quam'a
1052 1199 1180 1260 peuuas

353 1283 411 1346 34:
442 1333 534 1348 .....
542 1285 647 1364 tarum
669 1287 759 1346 muta
781 1284 919 1362 superbit
941 1284 1010 1346 auis

175 1385 317 1449 A.a.111
336 1387 409 1449 103:
441 1435 448 1450 .
463 1436 469 1450 .
484 1436 491 1451 .
506 1438 512 1451 .
527 1386 646 1465 farrea
664 1390 760 1466 quota
782 1406 920 1467 quaeqae
942 1386 1080 1464 superbit

349 1488 404 1552 38:
430 1488 494 1552 Nee
516 1492 661 1568 temptate
683 1508 794 1552 uaeeus
817 1489 905 1552 uirus
928 1490 1071 1553 amaute's
1092 1507 1187 1568 equae

173 1592 246 1654 Am.
270 1591 287 1653 Ι
315 1591 343 1654 8.
373 1591 407 1655 8:
432 1590 534 1669 Lisia,
559 1592 636 1670 quta
658 1593 761 1656 uateat
819 1593 907 1655 airus
930 1593 1071 1655 amuute's
1093 1611 1188 1672 equae

348 1693 405 1758 41:
430 1693 476 1756 Et
498 1695 642 1774 quamm's
665 1695 784 1776 aliquis
808 1695 972 1759 Temesaea
994 1696 1153 1758 removeret
1240 1715 1316 1758 aera

173 1796 258 1863 Fau.
282 1797 405 1861 V44l:
436 1846 787 1864 .................
809 1798 1032 1878 Temesaeaque
1054 1803 1218 1878 eouerepat
1240 1818 1317 1862 aera

349 1902 408 1965 46:
441 1951 792 1969 .................
811 1903 916 1968 uultus
953 1907 1066 1966 aratus
1098 1904 1157 1966 em't

171 2003 245 2068 Am.
258 2004 275 2068 I
289 2004 338 2066 15.
355 2005 409 2068 16:
438 2054 791 2071 .................
810 2025 929 2086 semper
951 2006 1076 2070 Aratus
1097 2006 1157 2069 erit

350 2109 407 2172 50:
431 2107 554 2187 Perque
577 2127 647 2172 suas
669 2128 785 2174 auuas.
800 2158 828 2174 ..

170 2208 244 2271 Am.
258 2210 291 2272 Π
308 2211 336 2272 9.
350 2211 408 2274 46:
431 2211 515 2274 Aute
580 2230 651 2274 suas
675 2231 776 2275 auuas

347 2313 406 2376 58:
431 2311 533 2376 Leuta
555 2313 625 2376 arabe
647 2313 761 2378 seabra
780 2313 916 2395 frauqat
939 2314 1038 2379 asettu
1060 2315 1146 2378 matu

171 2414 405 2481 Aminaeo:
436 2415 475 2480 Ut
497 2417 586 2480 rudet
608 2437 629 2479 a
651 2417 763 2481 seuam
785 2419 890 2498 turqm's
938 2418 1039 2483 asella
1060 2419 1146 2482 mata

207 2518 242 2580 F.
262 2519 303 2581 VI
328 2519 405 2582 318:
429 2518 474 2581 Et
496 2539 575 2599 quae
591 2520 759 2599 pumiceas
780 2525 883 2583 uersat
904 2521 1005 2586 asetta
1027 2521 1127 2584 motus

206 2621 240 2684 F.
260 2621 303 2685 VI
326 2622 404 2686 312:
428 2620 473 2684 Et
495 2622 599 2685 uetaut
621 2623 750 2687 seabras
763 2621 883 2701 florida
905 2629 988 2687 serta
1031 2623 1133 2686 motas

346 2724 403 2788 59:
426 2724 472 2787 Et
494 2744 573 2804 quae
590 2726 703 2806 prima
727 2727 839 2791 eaeteut
861 2727 962 2791 uiuaer'
999 2745 1120 2790 aaruua
1142 2744 1226 2788 eeruo

172 2824 248 2890 Met.
262 2826 312 2890 III
330 2827 406 2891 194:
430 2826 498 2891 Dat
521 2847 632 2908 sparsa
656 2831 753 2911 rapiti
854 2831 972 2895 uiuaeu's
995 2850 1115 2893 eoruua
1137 2829 1219 2892 eerm'

346 2931 402 2994 74:
426 2929 518 2995 Desit
539 2937 567 2994 et
590 2933 739 3014 Ittqm'ea,
792 2955 872 3016 quae
894 2935 979 2998 ueuit
1000 2935 1061 2997 tris
1083 2933 1176 2996 tuma

167 3029 204 3095 A.
223 3050 250 3097 a.
277 3032 407 3097 [14222
431 3032 557 3097 Bulbus
580 3039 608 3098 et
630 3057 667 3099 ea
689 3041 775 3100 tarta
797 3057 877 3117 quae
899 3037 982 3101 veuit
1005 3036 1100 3100 herba
1122 3035 1217 3100 sature

347 3137 403 3200 84:
428 3137 495 3201 Nee
517 3143 623 3202 tameu
646 3143 785 3205 aeeeusu's
808 3142 916 3206 ommia
938 3142 1049 3206 dumeta
1071 3140 1150 3222 faris

250 3239 283 3301 F.
308 3240 323 3302 Ι
347 3240 404 3304 76:
428 3241 473 3303 Et
495 3246 579 3305 sauet
645 3245 784 3308 aeeeusts
805 3245 895 3324 squ'eu
920 3243 1037 3308 Citissa
1069 3245 1149 3326 freis

345 3342 400 3405 87:
425 3341 524 3407 Parte
546 3346 655 3408 mr'uus
677 3352 773 3426 quart
803 3397 831 3413 ..

210 3445 246 3510 F.
270 3443 298 3506 V
324 3444 405 3509 379:
429 3446 526 3511 Naete
547 3448 655 3512 miuus
677 3455 851 3530 quarta...

344 3549 402 3614 89:
425 3549 513 3613 Haec
535 3552 590 3614 ulu'
614 3553 795 3630 eautrr'ere's,
849 3553 1194 3634 perteusuforamu'ua
1207 3573 1295 3617 eerue

151 3641 319 3733 [Maxu
326 3651 388 3717 438
400 3654 469 3734 (B):
488 3654 608 3718 Mauut
620 3660 646 3718 et
658 3657 850 3735 eoepm'me'tur
857 3678 916 3737 per
927 3658 1027 3722 deusu
1036 3658 1201 3740 foramu'ua
1215 3654 1348 3742 spissus]

344 3754 400 3817 98:
424 3754 573 3818 Haerebat
699 3761 759 3821 tata
781 3759 892 3823 uultus
914 3760 951 3822 tu
973 3780 1023 3822 ore
1046 3759 1128 3822 eotar

150 3855 404 3921 Amanus:
431 3858 533 3938 Quam
556 3859 612 3923 tibu‘
634 3861 674 3923 stt
698 3864 758 3924 tata
782 3861 893 3926 uultus
915 3863 951 3926 tu
973 3880 1024 3926 are
1046 3863 1127 3925 eotor

149 3959 202 4023 A.
221 3976 248 4024 a.
272 3958 320 4022 ΙΙΙ
344 3960 402 4025 74:
425 3959 472 4023 Et
488 3963 582 4042 querit,
606 3964 644 4027 tu
666 3965 768 4029 m'tu'da
792 3967 848 4046 que¹
870 3967 935 4048 fm't
969 3986 1027 4045 are,
1045 3965 1127 4031 eatur

198 4088 215 4124 u
287 4063 398 4128 „7302
422 4063 468 4127 Et
490 4085 577 4129 meus
599 4071 626 4130 et
649 4069 744 4133 rediit
766 4089 857 4133 uerus
878 4071 915 4133 tu
961 4089 1018 4134 ara
1039 4071 1123 4134 eatae

269 4180 328 4245 His
351 4202 451 4265 pausa
473 4187 625 4266 quaedam
660 4189 781 4253 adicere
810 4191 901 4254 liceat
933 4192 1065 4269 leviora,
1089 4211 1188 4273 quae,
1212 4208 1282 4253 cum
1312 4187 1347 4250 in

153 4283 294 4364 reliquis
324 4287 514 4351 carminibus
538 4288 697 4355 ovidianis
723 4292 932 4358 usitatissima
962 4314 1025 4359 esse
1055 4297 1226 4372 videamus,
1250 4292 1345 4355 etiam

152 4383 196 4450 in
213 4385 273 4450 hoa
289 4385 394 4453 libello
410 4388 567 4471 leguntur.
