2984 5040
570 389 851 455 ¹-5t-

197 575 271 639 Nou
292 579 361 640 orat
383 574 478 640 liuius
501 577 556 659 (sc.
572 575 734 658 Callistus)
760 596 846 658 opus,
870 577 982 642 lauam
1005 579 1128 645 mollire
1149 580 1313 665 tralumlo,

239 678 304 743 Neo
320 679 460 760 positu
482 680 646 744 uariare
668 698 771 744 cauas

150 813 185 873 et
219 809 290 874 Am.
317 807 365 873 ΠΙ
401 809 427 872 1.
464 808 497 872 l:
537 807 627 872 chit
660 809 845 873 ocloratos
875 808 1008 892 Elepeia
1046 830 1129 875 ucoca
1162 812 1336 893 capillos

152 913 309 998 (ol.Fast.
325 912 356 975 Π
378 912 464 993 309).
488 912 604 976 etenim
626 915 823 979 scribendum
846 918 911 979 est:
943 914 1047 978 Vultis
1062 916 1210 980 oclorotos
1227 915 1336 997 positu

148 1016 280 1081 uariare
302 1014 444 1096 capillos.
468 1019 547 1097 qued
571 1016 603 1079 in
624 1014 749 1099 MG(L)
775 1017 891 1100 legitur
908 1018 1027 1098 positos
1053 1035 1108 1100 pro
1125 1019 1250 1101 positu,
1281 1039 1337 1101 pe·

152 1120 280 1185 auliaris
309 1123 356 1184 est
385 1137 470 1183 error
492 1123 578 1185 ortus
602 1138 637 1183 ex
660 1121 855 1185 antecedenti
877 1120 1032 1185 caloratos.

257 1241 294 1304 V.
319 1239 361 1304 20
383 1239 549 1323 singularis
571 1241 774 1321 conspicuam
796 1260 943 1318 mamam,
967 1240 1156 1324 optimorum
1177 1242 1332 1306 librorum

150 1344 212 1409 fide
231 1342 384 1418 munitus,
408 1342 516 1425 utique
536 1343 729 1423 reponendus
752 1361 817 1407 esse
840 1343 975 1408 videtur.
1013 1343 1232 1426 significantur
1254 1345 1337 1410 enim

150 1448 244 1512 verbo
267 1446 400 1531 gemmis
428 1445 522 1510 auruli
548 1450 697 1529 pemmati
729 1446 850 1530 (Liui
884 1448 933 1514 11.
964 1447 1013 1525 8),
1048 1447 1158 1530 quibus
1192 1448 1337 1513 sinistrae

150 1552 349 1634 potissimum
365 1568 477 1614 manns
493 1550 608 1634 digitos
624 1549 656 1613 in
673 1549 782 1631 primis
795 1568 876 1628 eum,
900 1550 956 1631 qui
970 1551 1103 1614 mimimo
1117 1555 1162 1615 cst
1169 1552 1339 1633 prosimus

151 1653 305 1737 (Gellii.
321 1654 360 1717 A.
376 1652 405 1715 Χ
424 1653 490 1731 10),
514 1657 636 1717 ornatos
659 1652 756 1718 fuisse
778 1658 810 1718 et
833 1653 947 1718 statuis
972 1659 1004 1718 et
1026 1652 1206 1718 litterarum
1228 1673 1338 1720 monu-

150 1757 268 1822 mentis
291 1757 526 1837 comprobatum
548 1759 595 1821 est
620 1755 669 1838 (cl.
689 1756 770 1822 Rein
793 1756 826 1820 in
847 1757 960 1840 Paulyi
984 1759 1059 1824 Ena.
1075 1757 1105 1822 1⁹
1126 1779 1150 1824 s.
1170 1780 1198 1825 v.
1217 1759 1337 1833 anulus,

150 1858 380 1937 Becker-Rem,
405 1856 515 1923 Gallus
538 1857 600 1923 111³
632 1859 693 1924 175
717 1859 806 1942 squ).
830 1878 885 1941 pro
915 1860 1023 1925 multis
1055 1862 1113 1926 hoe
1143 1863 1338 1944 adscripsisse

151 1962 289 2028 sufficiat
326 1961 540 2026 testimonium
582 1961 718 2026 auctoris
756 1964 790 2026 in
828 1963 876 2027 his
913 1963 1006 2028 rebus
1043 1963 1222 2046 gravissimi
1267 1965 1339 2028 Atei

151 2066 312 2149 Capitonis
336 2066 487 2141 (Macrob.
511 2063 577 2129 Sat.
591 2065 664 2130 VII.
689 2065 776 2132 Xlll.
796 2064 867 2148 13):
892 2070 1032 2150 „ueteres
1046 2087 1110 2132 mou
1133 2073 1266 2132 armatus
1287 2067 1340 2132 scal

150 2167 305 2253 sipuaurli
327 2188 423 2232 caasa
445 2167 581 2232 amulum
602 2186 704 2232 secum
727 2168 987 2249 circumferebam
1001 2218 1008 2231 .
1023 2217 1051 2232 ..
1073 2171 1339 2252 imprimebantur

152 2277 259 2336 autem
281 2270 445 2352 sculptura
468 2272 620 2336 ruateriae
642 2271 737 2336 auuli
761 2292 814 2336 seu
835 2293 873 2336 eu
905 2272 990 2354 ferro
1013 2293 1067 2338 scu
1089 2295 1128 2340 ea
1149 2295 1229 2340 auro
1250 2276 1338 2358 foret,

151 2381 181 2441 ct
202 2376 383 2460 postolatur
405 2379 440 2438 ut
462 2376 593 2456 quisquc
615 2375 712 2458 uellet,
736 2395 931 2457 quacumque
953 2398 1055 2442 mauu
1078 2379 1212 2459 quolibet
1229 2379 1338 2461 clipilo.

147 2485 260 2562 postea
275 2498 351 2543 usus
373 2479 572 2543 luuuriaalis
594 2480 708 2559 aetatis
730 2480 914 2561 sipualuras
931 2481 1080 2561 pretiosis
1094 2482 1224 2558 pemmis
1240 2483 1339 2563 coepit

152 2583 346 2667 iusculpcre‚
382 2587 410 2645 et
446 2582 588 2647 certatim
625 2582 698 2646 lucc
737 2583 841 2646 amuis
877 2583 1015 2646 imitatio
1051 2583 1206 2647 lacessivit
1237 2589 1273 2647 ut
1301 2585 1338 2651 cle

153 2690 318 2769 aupmeuto
335 2686 449 2767 pretii,
472 2678 531 2765 quo
553 2683 735 2764 sculpeuolos
758 2684 880 2766 lapillos
897 2689 1085 2766 parasseut,
1113 2685 1338 2764 ploriareutur.

152 2789 228 2853 luiuc
247 2788 368 2870 factum
396 2792 454 2872 est,
488 2792 523 2852 ul
556 2806 649 2851 usus
682 2788 895 2851 amulorum
931 2792 1129 2868 eucarpius
1161 2787 1338 2866 dextrae,
1448 2869 1450 2872 Ι

153 2915 253 2976 quae
285 2893 447 2957 maelium
484 2892 732 2974 uepotiorum
767 2891 891 2974 perit,
928 2891 971 2955 iu
1005 2892 1157 2955 laeuam
1189 2897 1342 2975 relep-a·

153 3001 281 3074 retur,
315 3015 413 3076 puae
446 2995 611 3058 otiosior
648 2998 717 3065 cst.
753 3015 797 3058 uc
823 2993 956 3058 crebro
985 2998 1087 3057 motu
1118 3015 1163 3059 ea
1193 2994 1339 3078 officio

152 3119 291 3164 mauas
316 3100 503 3164 dexterae
524 3099 698 3180 pretiosi
725 3097 885 3179 lupialcs
906 3099 1230 3181 frauper·eutur.“
1262 3100 1339 3164 adde

153 3203 287 3269 Tertull.
305 3203 341 3267 de
365 3223 389 3268 c.
406 3202 481 3267 fem.
504 3203 520 3266 Ι
543 3203 563 3266 9
586 3203 679 3266 extr:
700 3201 834 3287 procilos
856 3202 987 3267 aurium
1009 3205 1093 3265 cutes
1114 3201 1340 3266 laleuclurium

154 3306 344 3389 capreolum,
367 3309 394 3368 ct
416 3305 550 3369 sinistra
560 3324 621 3385 per
637 3304 779 3386 simpulos
801 3304 915 3387 clipitos
937 3304 974 3368 cle
989 3304 1088 3368 succis
1105 3304 1242 3387 simpulis
1258 3304 1339 3367 luclit

156 3411 190 3493 (i.
216 3428 240 3474 e.
263 3409 373 3475 irridet
396 3412 427 3474 et
450 3409 622 3473 contemnit
645 3426 748 3473 saccos
772 3411 996 3490 nummorum).
1026 3409 1104 3474 adde
1128 3408 1209 3490 quod
1233 3411 1341 3493 singu·

153 3513 254 3578 larem
282 3531 447 3577 numerum
470 3511 671 3590 coaspicuam
764 3511 1092 3597 mauumsingulares
1116 3511 1170 3593 qui
1193 3514 1339 3577 secuntur

154 3616 242 3693 collo,
258 3636 335 3679 auro
349 3617 394 3680 ita
417 3615 646 3694 commendant,
661 3615 697 3678 ut
711 3613 866 3697 pluralem
887 3614 1097 3679 molestiorem
1120 3613 1195 3680 laoit
1218 3615 1337 3698 sibilus,

151 3738 215 3803 quo
237 3720 301 3784 iam
323 3719 443 3785 Marius
465 3718 564 3800 Niger
587 3717 720 3782 offensus
743 3719 800 3783 est.

257 3840 397 3906 Pluralis
432 3841 529 3905 etiam
563 3838 755 3904 aMerlrelio
788 3839 940 3923 probatus
974 3837 1040 3902 sine
1075 3838 1169 3903 dubio
1197 3856 1215 3902 a
1246 3837 1337 3904 docto

151 3946 261 4027 aliquo
283 3963 356 4009 snae
378 3945 491 4008 aetatis
514 3961 615 4007 mores
639 3945 796 4026 spectanti
819 3943 928 4008 illatus
951 3946 1009 4006 est.

258 4065 295 4130 In
321 4085 360 4130 v„
374 4064 414 4129 21
450 4084 539 4147 oum,
574 4067 656 4151 quod
690 4063 808 4129 codices
841 4062 953 4145 optimi
986 4063 1153 4145 praebent,
1172 4061 1337 4126 ¹strioleute
1449 4094 1453 4101 -

151 4169 314 4256 (trideute)
343 4169 380 4233 ut
410 4170 536 4252 apertus
568 4186 652 4232 error
680 4168 899 4251 cognoscatur,
923 4167 1003 4231 unde
1026 4166 1197 4250 genuinum
1221 4163 1337 4227 oricula

151 4272 244 4340 facili
271 4274 395 4356 negotio
423 4271 521 4354 possis
550 4290 672 4350 eruere,
701 4271 842 4336 fallamur
870 4274 918 4335 est
943 4272 1067 4335 varians
1093 4266 1188 4332 lectio
1204 4271 1338 4347 paratos

151 4376 300 4444 muitum
324 4373 401 4462 GNl
428 4374 569 4452 Mcutel.‚
598 4392 692 4456 quam
719 4374 754 4438 in
775 4377 862 4439 textu
886 4374 1030 4457 posuerat
1052 4371 1212 4435 Heinsius.
