<?xml version="1.0" encoding="UTF-8"?>
<!DOCTYPE html PUBLIC "-//W3C//DTD XHTML 1.0 Transitional//EN"
    "http://www.w3.org/TR/xhtml1/DTD/xhtml1-transitional.dtd">
<html xmlns="http://www.w3.org/1999/xhtml" xml:lang="en" lang="en">
 <head>
  <title>
</title>
<meta http-equiv="Content-Type" content="text/html;charset=utf-8" />
  <meta name='ocr-system' content='tesseract 3.04.00' />
  <meta name='ocr-capabilities' content='ocr_page ocr_carea ocr_par ocr_line ocrx_word'/>
</head>
<body>
  <div class='ocr_page' id='page_1' title='image "./povidiinasonisl00kunzgoog_0044.png"; bbox 0 0 2984 5040; ppageno 0'>
   <div class='ocr_carea' id='block_1_1' title="bbox 654 357 856 422">
    <p class='ocr_par' dir='ltr' id='par_1_1' title="bbox 654 357 856 422">
     <span class='ocr_line' id='line_1_1' title="bbox 654 357 856 422; baseline 0.005 -20"><span class='ocrx_word' id='word_1_1' title='bbox 654 357 856 422; x_wconf 72' lang='lat'><strong>,35-</strong></span> 
     </span>
    </p>
   </div>
   <div class='ocr_carea' id='block_1_2' title="bbox 155 542 1422 1554">
    <p class='ocr_par' dir='ltr' id='par_1_2' title="bbox 155 542 1422 1554">
     <span class='ocr_line' id='line_1_2' title="bbox 159 542 1334 625; baseline 0.004 -19"><span class='ocrx_word' id='word_1_2' title='bbox 159 561 219 624; x_wconf 89' lang='lat' dir='ltr'><strong>par</strong></span> <span class='ocrx_word' id='word_1_3' title='bbox 248 546 295 606; x_wconf 86' lang='lat' dir='ltr'><strong>est</strong></span> <span class='ocrx_word' id='word_1_4' title='bbox 318 542 461 608; x_wconf 87' lang='lat' dir='ltr'><strong>adhibita</strong></span> <span class='ocrx_word' id='word_1_5' title='bbox 490 542 569 608; x_wconf 89' lang='lat' dir='ltr'><strong>ratio</strong></span> <span class='ocrx_word' id='word_1_6' title='bbox 603 544 745 608; x_wconf 89' lang='lat' dir='ltr'><strong>habenda</strong></span> <span class='ocrx_word' id='word_1_7' title='bbox 781 544 829 608; x_wconf 89' lang='lat' dir='ltr'><strong>est</strong></span> <span class='ocrx_word' id='word_1_8' title='bbox 865 545 992 609; x_wconf 87' lang='lat' dir='ltr'><strong>alterius</strong></span> <span class='ocrx_word' id='word_1_9' title='bbox 1021 544 1159 610; x_wconf 91' lang='lat' dir='ltr'><strong>codicum</strong></span> <span class='ocrx_word' id='word_1_10' title='bbox 1188 544 1334 625; x_wconf 82' lang='lat' dir='ltr'><strong>familiae,</strong></span> 
     </span>
     <span class='ocr_line' id='line_1_3' title="bbox 163 644 1422 732; baseline 0.003 -22"><span class='ocrx_word' id='word_1_11' title='bbox 163 644 400 726; x_wconf 88' lang='lat' dir='ltr'><strong>uidendumque,</strong></span> <span class='ocrx_word' id='word_1_12' title='bbox 416 647 522 710; x_wconf 90' lang='lat' dir='ltr'><strong>utrum</strong></span> <span class='ocrx_word' id='word_1_13' title='bbox 545 648 626 728; x_wconf 90' lang='lat' dir='ltr'><strong>quod</strong></span> <span class='ocrx_word' id='word_1_14' title='bbox 649 646 817 712; x_wconf 72' lang='lat' dir='ltr'>exhibeant</span> <span class='ocrx_word' id='word_1_15' title='bbox 839 648 878 711; x_wconf 94' lang='lat' dir='ltr'><strong>ad</strong></span> <span class='ocrx_word' id='word_1_16' title='bbox 902 648 1105 712; x_wconf 73' lang='lat' dir='ltr'><strong>correctorem</strong></span> <span class='ocrx_word' id='word_1_17' title='bbox 1120 647 1221 732; x_wconf 91' lang='lat' dir='ltr'><strong>illum,</strong></span> <span class='ocrx_word' id='word_1_18' title='bbox 1240 667 1280 713; x_wconf 91' lang='lat' dir='ltr'><strong>an</strong></span> <span class='ocrx_word' id='word_1_19' title='bbox 1295 649 1334 713; x_wconf 89' lang='lat' dir='ltr'><strong>ad</strong></span> <span class='ocrx_word' id='word_1_20' title='bbox 1390 650 1422 696; x_wconf 57' lang='lat' dir='ltr'><em>s</em></span> 
     </span>
     <span class='ocr_line' id='line_1_4' title="bbox 159 747 1336 834; baseline 0.003 -22"><span class='ocrx_word' id='word_1_21' title='bbox 159 747 365 831; x_wconf 80' lang='lat' dir='ltr'><strong>archetypum</strong></span> <span class='ocrx_word' id='word_1_22' title='bbox 387 748 429 813; x_wconf 89' lang='lat' dir='ltr'><strong>sit</strong></span> <span class='ocrx_word' id='word_1_23' title='bbox 449 749 660 828; x_wconf 80' lang='lat' dir='ltr'><strong>referendum3</strong></span> <span class='ocrx_word' id='word_1_24' title='bbox 684 751 737 815; x_wconf 92' lang='lat' dir='ltr'><strong>sed</strong></span> <span class='ocrx_word' id='word_1_25' title='bbox 759 749 940 832; x_wconf 86' lang='lat' dir='ltr'><strong>plerumque</strong></span> <span class='ocrx_word' id='word_1_26' title='bbox 963 750 1015 814; x_wconf 93' lang='lat' dir='ltr'><strong>ubi</strong></span> <span class='ocrx_word' id='word_1_27' title='bbox 1039 750 1085 814; x_wconf 88' lang='lat' dir='ltr'><strong><em>M</em></strong></span> <span class='ocrx_word' id='word_1_28' title='bbox 1102 750 1215 829; x_wconf 87' lang='lat' dir='ltr'><strong>deficit,</strong></span> <span class='ocrx_word' id='word_1_29' title='bbox 1239 770 1336 834; x_wconf 90' lang='lat' dir='ltr'><strong>nequo</strong></span> 
     </span>
     <span class='ocr_line' id='line_1_5' title="bbox 158 850 1338 937; baseline 0.003 -22"><span class='ocrx_word' id='word_1_30' title='bbox 158 850 259 915; x_wconf 83' lang='lat' dir='ltr'><strong>ceteri</strong></span> <span class='ocrx_word' id='word_1_31' title='bbox 280 855 418 933; x_wconf 76' lang='lat' dir='ltr'><strong>prosunt,</strong></span> <span class='ocrx_word' id='word_1_32' title='bbox 443 852 488 917; x_wconf 92' lang='lat' dir='ltr'><strong>ita</strong></span> <span class='ocrx_word' id='word_1_33' title='bbox 510 855 545 916; x_wconf 93' lang='lat' dir='ltr'><strong>ut</strong></span> <span class='ocrx_word' id='word_1_34' title='bbox 568 853 769 917; x_wconf 88' lang='lat' dir='ltr'><strong>manifestum</strong></span> <span class='ocrx_word' id='word_1_35' title='bbox 791 851 833 917; x_wconf 86' lang='lat' dir='ltr'><strong>sit</strong></span> <span class='ocrx_word' id='word_1_36' title='bbox 850 871 1012 917; x_wconf 90' lang='lat' dir='ltr'><strong>commune</strong></span> <span class='ocrx_word' id='word_1_37' title='bbox 1034 852 1114 917; x_wconf 89' lang='lat' dir='ltr'><strong>illud</strong></span> <span class='ocrx_word' id='word_1_38' title='bbox 1138 853 1338 937; x_wconf 80' lang='lat' dir='ltr'><strong>archetypum</strong></span> 
     </span>
     <span class='ocr_line' id='line_1_6' title="bbox 159 954 1364 1040; baseline 0.003 -23"><span class='ocrx_word' id='word_1_39' title='bbox 159 955 266 1036; x_wconf 92' lang='lat' dir='ltr'><strong>ipsum</strong></span> <span class='ocrx_word' id='word_1_40' title='bbox 281 954 455 1035; x_wconf 74' lang='lat' dir='ltr'><strong>corruptela</strong></span> <span class='ocrx_word' id='word_1_41' title='bbox 472 954 639 1032; x_wconf 83' lang='lat' dir='ltr'><strong>laborasse,</strong></span> <span class='ocrx_word' id='word_1_42' title='bbox 653 955 691 1020; x_wconf 91' lang='lat' dir='ltr'><strong>ad</strong></span> <span class='ocrx_word' id='word_1_43' title='bbox 704 974 795 1037; x_wconf 91' lang='lat' dir='ltr'><strong>quam</strong></span> <span class='ocrx_word' id='word_1_44' title='bbox 809 954 981 1019; x_wconf 89' lang='lat' dir='ltr'><strong>tollendam</strong></span> <span class='ocrx_word' id='word_1_45' title='bbox 992 955 1057 1020; x_wconf 88' lang='lat' dir='ltr'><strong>iam</strong></span> <span class='ocrx_word' id='word_1_46' title='bbox 1072 955 1248 1020; x_wconf 87' lang='lat' dir='ltr'><strong>coniectura</strong></span> <span class='ocrx_word' id='word_1_47' title='bbox 1259 975 1334 1040; x_wconf 88' lang='lat' dir='ltr'><strong>opus</strong></span> <span class='ocrx_word' id='word_1_48' title='bbox 1356 973 1364 1035; x_wconf 79' lang='grc' dir='ltr'>ι</span> 
     </span>
     <span class='ocr_line' id='line_1_7' title="bbox 158 1057 1338 1141; baseline 0.002 -21"><span class='ocrx_word' id='word_1_49' title='bbox 158 1075 237 1121; x_wconf 88' lang='lat' dir='ltr'><strong>esse.</strong></span> <span class='ocrx_word' id='word_1_50' title='bbox 262 1057 341 1140; x_wconf 91' lang='lat' dir='ltr'><strong>quod</strong></span> <span class='ocrx_word' id='word_1_51' title='bbox 364 1075 433 1122; x_wconf 91' lang='lat' dir='ltr'><strong>cum</strong></span> <span class='ocrx_word' id='word_1_52' title='bbox 457 1075 511 1138; x_wconf 91' lang='lat' dir='ltr'><strong>pro</strong></span> <span class='ocrx_word' id='word_1_53' title='bbox 535 1058 642 1138; x_wconf 84' lang='lat' dir='ltr'><strong>exiguo</strong></span> <span class='ocrx_word' id='word_1_54' title='bbox 659 1058 808 1141; x_wconf 87' lang='lat' dir='ltr'><strong>poematii</strong></span> <span class='ocrx_word' id='word_1_55' title='bbox 832 1058 952 1123; x_wconf 89' lang='lat' dir='ltr'><strong>ambitu</strong></span> <span class='ocrx_word' id='word_1_56' title='bbox 973 1076 1034 1122; x_wconf 92' lang='lat' dir='ltr'><strong>non</strong></span> <span class='ocrx_word' id='word_1_57' title='bbox 1056 1058 1101 1124; x_wconf 92' lang='lat' dir='ltr'><strong>ita</strong></span> <span class='ocrx_word' id='word_1_58' title='bbox 1123 1077 1192 1122; x_wconf 90' lang='lat' dir='ltr'><strong>raro</strong></span> <span class='ocrx_word' id='word_1_59' title='bbox 1215 1058 1338 1122; x_wconf 84' lang='lat' dir='ltr'><strong>eveniat</strong></span> 
     </span>
     <span class='ocr_line' id='line_1_8' title="bbox 159 1159 1338 1243; baseline 0.003 -21"><span class='ocrx_word' id='word_1_60' title='bbox 159 1178 259 1241; x_wconf 88' lang='lat' dir='ltr'><strong>neque</strong></span> <span class='ocrx_word' id='word_1_61' title='bbox 280 1160 394 1242; x_wconf 90' lang='lat' dir='ltr'><strong>ubique</strong></span> <span class='ocrx_word' id='word_1_62' title='bbox 418 1159 605 1243; x_wconf 78' lang='lat' dir='ltr'><strong>scripturam</strong></span> <span class='ocrx_word' id='word_1_63' title='bbox 627 1182 664 1228; x_wconf 85' lang='lat' dir='ltr'><strong>en</strong></span> <span class='ocrx_word' id='word_1_64' title='bbox 686 1162 771 1227; x_wconf 91' lang='lat' dir='ltr'><strong>omni</strong></span> <span class='ocrx_word' id='word_1_65' title='bbox 786 1162 875 1243; x_wconf 88' lang='lat' dir='ltr'><strong>parts</strong></span> <span class='ocrx_word' id='word_1_66' title='bbox 889 1161 1083 1243; x_wconf 86' lang='lat' dir='ltr'><strong>probabilem</strong></span> <span class='ocrx_word' id='word_1_67' title='bbox 1098 1161 1236 1226; x_wconf 85' lang='lat' dir='ltr'><strong>inveniro</strong></span> <span class='ocrx_word' id='word_1_68' title='bbox 1258 1159 1338 1225; x_wconf 89' lang='lat' dir='ltr'><strong>mihi</strong></span> 
     </span>
     <span class='ocr_line' id='line_1_9' title="bbox 157 1260 1337 1346; baseline 0.003 -21"><span class='ocrx_word' id='word_1_69' title='bbox 157 1261 339 1344; x_wconf 87' lang='lat' dir='ltr'><strong>eontigerit,</strong></span> <span class='ocrx_word' id='word_1_70' title='bbox 371 1260 404 1327; x_wconf 94' lang='lat' dir='ltr'><strong>id</strong></span> <span class='ocrx_word' id='word_1_71' title='bbox 437 1262 517 1343; x_wconf 91' lang='lat' dir='ltr'><strong>quod</strong></span> <span class='ocrx_word' id='word_1_72' title='bbox 546 1263 691 1345; x_wconf 85' lang='lat' dir='ltr'><strong>equidem</strong></span> <span class='ocrx_word' id='word_1_73' title='bbox 717 1263 815 1328; x_wconf 88' lang='lat' dir='ltr'><strong>libere</strong></span> <span class='ocrx_word' id='word_1_74' title='bbox 842 1263 1003 1346; x_wconf 88' lang='lat' dir='ltr'><strong>profiteor,</strong></span> <span class='ocrx_word' id='word_1_75' title='bbox 1041 1263 1218 1328; x_wconf 91' lang='lat' dir='ltr'><strong>etiamnunc</strong></span> <span class='ocrx_word' id='word_1_76' title='bbox 1252 1265 1337 1345; x_wconf 90' lang='lat' dir='ltr'><strong>patet</strong></span> 
     </span>
     <span class='ocr_line' id='line_1_10' title="bbox 158 1364 1341 1450; baseline -0.001 -19"><span class='ocrx_word' id='word_1_77' title='bbox 158 1383 288 1449; x_wconf 85' lang='lat' dir='ltr'><strong>campus</strong></span> <span class='ocrx_word' id='word_1_78' title='bbox 311 1365 499 1446; x_wconf 73' lang='lat' dir='ltr'><strong>cunimundi,</strong></span> <span class='ocrx_word' id='word_1_79' title='bbox 522 1367 648 1449; x_wconf 89' lang='lat' dir='ltr'><strong>inquo,</strong></span> <span class='ocrx_word' id='word_1_80' title='bbox 680 1369 844 1450; x_wconf 86' lang='lat' dir='ltr'><strong>postquam</strong></span> <span class='ocrx_word' id='word_1_81' title='bbox 866 1365 1032 1450; x_wconf 88' lang='lat' dir='ltr'><strong>apparatus</strong></span> <span class='ocrx_word' id='word_1_82' title='bbox 1056 1364 1183 1429; x_wconf 84' lang='lat' dir='ltr'><strong>criticus</strong></span> <span class='ocrx_word' id='word_1_83' title='bbox 1205 1365 1267 1429; x_wconf 91' lang='lat' dir='ltr'><strong>iam</strong></span> <span class='ocrx_word' id='word_1_84' title='bbox 1290 1367 1341 1430; x_wconf 88' lang='lat' dir='ltr'><strong>est</strong></span> 
     </span>
     <span class='ocr_line' id='line_1_11' title="bbox 155 1467 1338 1554; baseline 0 -22"><span class='ocrx_word' id='word_1_85' title='bbox 155 1467 364 1544; x_wconf 81' lang='lat' dir='ltr'><strong>constitutus,</strong></span> <span class='ocrx_word' id='word_1_86' title='bbox 397 1470 571 1553; x_wconf 84' lang='lat' dir='ltr'><strong>sagaciores</strong></span> <span class='ocrx_word' id='word_1_87' title='bbox 600 1471 722 1535; x_wconf 88' lang='lat' dir='ltr'><strong>felicius</strong></span> <span class='ocrx_word' id='word_1_88' title='bbox 752 1488 845 1553; x_wconf 91' lang='lat' dir='ltr'><strong>quam</strong></span> <span class='ocrx_word' id='word_1_89' title='bbox 874 1488 931 1554; x_wconf 91' lang='lat' dir='ltr'><strong>ego</strong></span> <span class='ocrx_word' id='word_1_90' title='bbox 952 1471 1020 1551; x_wconf 85' lang='lat' dir='ltr'><strong>ipse</strong></span> <span class='ocrx_word' id='word_1_91' title='bbox 1042 1469 1188 1550; x_wconf 88' lang='lat' dir='ltr'><strong>poterunt</strong></span> <span class='ocrx_word' id='word_1_92' title='bbox 1211 1468 1338 1535; x_wconf 83' lang='lat' dir='ltr'><strong>uersari.</strong></span> 
     </span>
    </p>
   </div>
   <div class='ocr_carea' id='block_1_3' title="bbox 148 1657 1344 3599">
    <p class='ocr_par' dir='ltr' id='par_1_3' title="bbox 151 1657 1342 3288">
     <span class='ocr_line' id='line_1_12' title="bbox 261 1657 1336 1741; baseline -0.002 -19"><span class='ocrx_word' id='word_1_93' title='bbox 261 1657 503 1725; x_wconf 84' lang='lat' dir='ltr'><strong>Adnotationem</strong></span> <span class='ocrx_word' id='word_1_94' title='bbox 520 1659 658 1725; x_wconf 87' lang='lat' dir='ltr'><strong>criticam</strong></span> <span class='ocrx_word' id='word_1_95' title='bbox 676 1660 722 1725; x_wconf 89' lang='lat' dir='ltr'><strong>ita</strong></span> <span class='ocrx_word' id='word_1_96' title='bbox 744 1659 888 1738; x_wconf 85' lang='lat' dir='ltr'><strong>instruxi,</strong></span> <span class='ocrx_word' id='word_1_97' title='bbox 910 1663 946 1723; x_wconf 91' lang='lat' dir='ltr'><strong>ut</strong></span> <span class='ocrx_word' id='word_1_98' title='bbox 967 1657 1130 1736; x_wconf 86' lang='lat' dir='ltr'><strong>librorum,</strong></span> <span class='ocrx_word' id='word_1_99' title='bbox 1151 1674 1226 1739; x_wconf 92' lang='lat' dir='ltr'><strong>quos</strong></span> <span class='ocrx_word' id='word_1_100' title='bbox 1242 1675 1336 1741; x_wconf 89' lang='lat' dir='ltr'><strong>supra</strong></span> 
     </span>
     <span class='ocr_line' id='line_1_13' title="bbox 152 1759 1336 1846; baseline -0.003 -19"><span class='ocrx_word' id='word_1_101' title='bbox 152 1762 321 1846; x_wconf 84' lang='lat' dir='ltr'><strong>descripsi,</strong></span> <span class='ocrx_word' id='word_1_102' title='bbox 355 1762 539 1829; x_wconf 86' lang='lat' dir='ltr'><strong>varietatem</strong></span> <span class='ocrx_word' id='word_1_103' title='bbox 576 1763 748 1845; x_wconf 80' lang='lat' dir='ltr'><strong>scripturae</strong></span> <span class='ocrx_word' id='word_1_104' title='bbox 781 1763 1001 1846; x_wconf 89' lang='lat' dir='ltr'><strong>subiungerem</strong></span> <span class='ocrx_word' id='word_1_105' title='bbox 1029 1762 1129 1826; x_wconf 87' lang='lat' dir='ltr'><strong>totam</strong></span> <span class='ocrx_word' id='word_1_106' title='bbox 1165 1761 1198 1825; x_wconf 93' lang='lat' dir='ltr'><strong>in</strong></span> <span class='ocrx_word' id='word_1_107' title='bbox 1226 1759 1336 1844; x_wconf 87' lang='lat' dir='ltr'><strong>primis</strong></span> 
     </span>
     <span class='ocr_line' id='line_1_14' title="bbox 155 1864 1341 1949; baseline 0 -21"><span class='ocrx_word' id='word_1_108' title='bbox 155 1883 280 1942; x_wconf 87' lang='lat' dir='ltr'><strong>eorum,</strong></span> <span class='ocrx_word' id='word_1_109' title='bbox 316 1884 392 1947; x_wconf 89' lang='lat' dir='ltr'><strong>quos</strong></span> <span class='ocrx_word' id='word_1_110' title='bbox 422 1867 487 1949; x_wconf 91' lang='lat' dir='ltr'><strong>ipse</strong></span> <span class='ocrx_word' id='word_1_111' title='bbox 509 1866 635 1945; x_wconf 89' lang='lat' dir='ltr'><strong>contuli,</strong></span> <span class='ocrx_word' id='word_1_112' title='bbox 660 1866 691 1932; x_wconf 89' lang='lat' dir='ltr'><strong>et</strong></span> <span class='ocrx_word' id='word_1_113' title='bbox 713 1867 747 1932; x_wconf 94' lang='lat' dir='ltr'><strong>in</strong></span> <span class='ocrx_word' id='word_1_114' title='bbox 769 1867 834 1947; x_wconf 94' lang='lat' dir='ltr'><strong>his,</strong></span> <span class='ocrx_word' id='word_1_115' title='bbox 858 1873 893 1932; x_wconf 93' lang='lat' dir='ltr'><strong>ut</strong></span> <span class='ocrx_word' id='word_1_116' title='bbox 914 1866 1041 1949; x_wconf 89' lang='lat' dir='ltr'><strong>optimi,</strong></span> <span class='ocrx_word' id='word_1_117' title='bbox 1064 1864 1223 1929; x_wconf 88' lang='lat' dir='ltr'><strong>Marciani.</strong></span> <span class='ocrx_word' id='word_1_118' title='bbox 1270 1881 1341 1928; x_wconf 89' lang='lat' dir='ltr'><strong>cum</strong></span> 
     </span>
     <span class='ocr_line' id='line_1_15' title="bbox 153 1966 1339 2053; baseline 0 -22"><span class='ocrx_word' id='word_1_119' title='bbox 153 1966 251 2046; x_wconf 89' lang='lat' dir='ltr'><strong>enim,</strong></span> <span class='ocrx_word' id='word_1_120' title='bbox 277 1969 359 2050; x_wconf 92' lang='lat' dir='ltr'><strong>quod</strong></span> <span class='ocrx_word' id='word_1_121' title='bbox 381 1969 455 2047; x_wconf 84' lang='lat' dir='ltr'><strong>dini,</strong></span> <span class='ocrx_word' id='word_1_122' title='bbox 492 1969 531 2034; x_wconf 87' lang='lat' dir='ltr'><strong>iis</strong></span> <span class='ocrx_word' id='word_1_123' title='bbox 554 1971 638 2049; x_wconf 90' lang='lat' dir='ltr'><strong>locis,</strong></span> <span class='ocrx_word' id='word_1_124' title='bbox 674 1970 785 2053; x_wconf 87' lang='lat' dir='ltr'><strong>quibus</strong></span> <span class='ocrx_word' id='word_1_125' title='bbox 818 1968 921 2035; x_wconf 86' lang='lat' dir='ltr'><strong>deficit</strong></span> <span class='ocrx_word' id='word_1_126' title='bbox 938 1969 995 2049; x_wconf 88' lang='lat' dir='ltr'><strong>M,</strong></span> <span class='ocrx_word' id='word_1_127' title='bbox 1031 1968 1120 2034; x_wconf 85' lang='lat' dir='ltr'><strong>crisis</strong></span> <span class='ocrx_word' id='word_1_128' title='bbox 1153 1986 1248 2051; x_wconf 86' lang='lat' dir='ltr'><strong>genus</strong></span> <span class='ocrx_word' id='word_1_129' title='bbox 1269 1969 1339 2050; x_wconf 89' lang='lat' dir='ltr'><strong>plns</strong></span> 
     </span>
     <span class='ocr_line' id='line_1_16' title="bbox 154 2060 1339 2155; baseline 0.001 -22"><span class='ocrx_word' id='word_1_130' title='bbox 154 2071 261 2136; x_wconf 88' lang='lat' dir='ltr'><strong>minus</strong></span> <span class='ocrx_word' id='word_1_131' title='bbox 285 2071 326 2135; x_wconf 90' lang='lat' dir='ltr'><strong>sit</strong></span> <span class='ocrx_word' id='word_1_132' title='bbox 348 2071 540 2147; x_wconf 80' lang='lat' dir='ltr'><strong>eclectieum</strong></span> <span class='ocrx_word' id='word_1_133' title='bbox 558 2060 637 2155; x_wconf 92' lang='lat' dir='ltr'><strong>quod</strong></span> <span class='ocrx_word' id='word_1_134' title='bbox 655 2073 793 2151; x_wconf 84' lang='lat' dir='ltr'><strong>vocatur,</strong></span> <span class='ocrx_word' id='word_1_135' title='bbox 816 2071 1000 2139; x_wconf 87' lang='lat' dir='ltr'><strong>emendandi</strong></span> <span class='ocrx_word' id='word_1_136' title='bbox 1014 2072 1188 2153; x_wconf 89' lang='lat' dir='ltr'><strong>perieulum</strong></span> <span class='ocrx_word' id='word_1_137' title='bbox 1210 2070 1339 2137; x_wconf 84' lang='lat' dir='ltr'><strong>facturis</strong></span> 
     </span>
     <span class='ocr_line' id='line_1_17' title="bbox 153 2160 1340 2241; baseline 0.002 -5"><span class='ocrx_word' id='word_1_138' title='bbox 153 2172 299 2240; x_wconf 90' lang='lat' dir='ltr'><strong>codicum</strong></span> <span class='ocrx_word' id='word_1_139' title='bbox 323 2176 418 2240; x_wconf 88' lang='lat' dir='ltr'><strong>etiam</strong></span> <span class='ocrx_word' id='word_1_140' title='bbox 441 2160 628 2240; x_wconf 87' lang='lat' dir='ltr'><strong>deteriorum</strong></span> <span class='ocrx_word' id='word_1_141' title='bbox 644 2175 793 2240; x_wconf 89' lang='lat' dir='ltr'><strong>lectiones</strong></span> <span class='ocrx_word' id='word_1_142' title='bbox 815 2173 1005 2241; x_wconf 88' lang='lat' dir='ltr'><strong>commodari</strong></span> <span class='ocrx_word' id='word_1_143' title='bbox 1027 2193 1063 2239; x_wconf 89' lang='lat' dir='ltr'><strong>en</strong></span> <span class='ocrx_word' id='word_1_144' title='bbox 1085 2194 1143 2239; x_wconf 89' lang='lat' dir='ltr'><strong>usu</strong></span> <span class='ocrx_word' id='word_1_145' title='bbox 1165 2193 1231 2239; x_wconf 85' lang='lat' dir='ltr'><strong>asse</strong></span> <span class='ocrx_word' id='word_1_146' title='bbox 1253 2173 1340 2240; x_wconf 89' lang='lat' dir='ltr'><strong>vide·</strong></span> 
     </span>
     <span class='ocr_line' id='line_1_18' title="bbox 156 2264 1342 2361; baseline 0.002 -21"><span class='ocrx_word' id='word_1_147' title='bbox 156 2277 263 2343; x_wconf 84' lang='lat' dir='ltr'><strong>hatur.</strong></span> <span class='ocrx_word' id='word_1_148' title='bbox 287 2277 396 2343; x_wconf 89' lang='lat' dir='ltr'><strong>deindo</strong></span> <span class='ocrx_word' id='word_1_149' title='bbox 420 2297 490 2343; x_wconf 86' lang='lat' dir='ltr'><strong>eum</strong></span> <span class='ocrx_word' id='word_1_150' title='bbox 509 2264 669 2361; x_wconf 88' lang='lat' dir='ltr'><strong>librorum,</strong></span> <span class='ocrx_word' id='word_1_151' title='bbox 693 2298 769 2361; x_wconf 92' lang='lat' dir='ltr'><strong>quos</strong></span> <span class='ocrx_word' id='word_1_152' title='bbox 792 2277 928 2356; x_wconf 87' lang='lat' dir='ltr'><strong>adhibui,</strong></span> <span class='ocrx_word' id='word_1_153' title='bbox 950 2279 1073 2344; x_wconf 88' lang='lat' dir='ltr'><strong>indoles</strong></span> <span class='ocrx_word' id='word_1_154' title='bbox 1089 2278 1270 2361; x_wconf 86' lang='lat' dir='ltr'><strong>plerumque</strong></span> <span class='ocrx_word' id='word_1_155' title='bbox 1286 2278 1342 2342; x_wconf 87' lang='lat' dir='ltr'><strong>aut</strong></span> 
     </span>
     <span class='ocr_line' id='line_1_19' title="bbox 152 2379 1337 2460; baseline 0.001 -16"><span class='ocrx_word' id='word_1_156' title='bbox 152 2383 282 2445; x_wconf 91' lang='lat' dir='ltr'><strong>omnino</strong></span> <span class='ocrx_word' id='word_1_157' title='bbox 304 2399 366 2445; x_wconf 92' lang='lat' dir='ltr'><strong>non</strong></span> <span class='ocrx_word' id='word_1_158' title='bbox 390 2383 463 2446; x_wconf 89' lang='lat' dir='ltr'><strong>nota</strong></span> <span class='ocrx_word' id='word_1_159' title='bbox 479 2382 523 2446; x_wconf 91' lang='lat' dir='ltr'><strong>sit</strong></span> <span class='ocrx_word' id='word_1_160' title='bbox 544 2383 600 2449; x_wconf 88' lang='lat' dir='ltr'><strong>aut</strong></span> <span class='ocrx_word' id='word_1_161' title='bbox 616 2382 706 2446; x_wconf 86' lang='lat' dir='ltr'><strong>valde</strong></span> <span class='ocrx_word' id='word_1_162' title='bbox 722 2399 833 2446; x_wconf 88' lang='lat' dir='ltr'><strong>manca</strong></span> <span class='ocrx_word' id='word_1_163' title='bbox 855 2381 921 2447; x_wconf 87' lang='lat' dir='ltr'><strong>eius</strong></span> <span class='ocrx_word' id='word_1_164' title='bbox 935 2379 981 2447; x_wconf 90' lang='lat' dir='ltr'><strong>rei</strong></span> <span class='ocrx_word' id='word_1_165' title='bbox 997 2381 1120 2460; x_wconf 88' lang='lat' dir='ltr'><strong>notitia,</strong></span> <span class='ocrx_word' id='word_1_166' title='bbox 1144 2380 1207 2444; x_wconf 90' lang='lat' dir='ltr'><strong>iam</strong></span> <span class='ocrx_word' id='word_1_167' title='bbox 1222 2380 1337 2445; x_wconf 87' lang='lat' dir='ltr'><strong>certius</strong></span> 
     </span>
     <span class='ocr_line' id='line_1_20' title="bbox 155 2482 1338 2568; baseline 0.002 -20"><span class='ocrx_word' id='word_1_168' title='bbox 155 2483 274 2566; x_wconf 88' lang='lat' dir='ltr'><strong>poterit</strong></span> <span class='ocrx_word' id='word_1_169' title='bbox 297 2485 334 2548; x_wconf 90' lang='lat' dir='ltr'><strong>de</strong></span> <span class='ocrx_word' id='word_1_170' title='bbox 357 2503 393 2548; x_wconf 87' lang='lat' dir='ltr'><strong>ea</strong></span> <span class='ocrx_word' id='word_1_171' title='bbox 414 2484 555 2568; x_wconf 89' lang='lat' dir='ltr'><strong>iudicari,</strong></span> <span class='ocrx_word' id='word_1_172' title='bbox 580 2485 626 2549; x_wconf 84' lang='lat' dir='ltr'><strong>ita</strong></span> <span class='ocrx_word' id='word_1_173' title='bbox 647 2489 682 2549; x_wconf 91' lang='lat' dir='ltr'><strong>ut</strong></span> <span class='ocrx_word' id='word_1_174' title='bbox 703 2485 746 2551; x_wconf 90' lang='lat' dir='ltr'><strong>ad</strong></span> <span class='ocrx_word' id='word_1_175' title='bbox 766 2486 899 2550; x_wconf 88' lang='lat' dir='ltr'><strong>aliorum</strong></span> <span class='ocrx_word' id='word_1_176' title='bbox 923 2482 1020 2549; x_wconf 88' lang='lat' dir='ltr'><strong>etiam</strong></span> <span class='ocrx_word' id='word_1_177' title='bbox 1044 2482 1217 2549; x_wconf 88' lang='lat' dir='ltr'><strong>carminum</strong></span> <span class='ocrx_word' id='word_1_178' title='bbox 1233 2483 1338 2550; x_wconf 90' lang='lat' dir='ltr'><strong>crisim</strong></span> 
     </span>
     <span class='ocr_line' id='line_1_21' title="bbox 153 2586 1340 2672; baseline 0.001 -22"><span class='ocrx_word' id='word_1_179' title='bbox 153 2589 311 2668; x_wconf 82' lang='lat' dir='ltr'><strong>quaedam</strong></span> <span class='ocrx_word' id='word_1_180' title='bbox 326 2606 362 2651; x_wconf 89' lang='lat' dir='ltr'><strong>en</strong></span> <span class='ocrx_word' id='word_1_181' title='bbox 385 2587 444 2652; x_wconf 92' lang='lat' dir='ltr'><strong>hac</strong></span> <span class='ocrx_word' id='word_1_182' title='bbox 465 2607 498 2652; x_wconf 89' lang='lat' dir='ltr'><strong>re</strong></span> <span class='ocrx_word' id='word_1_183' title='bbox 520 2589 640 2672; x_wconf 92' lang='lat' dir='ltr'><strong>possint</strong></span> <span class='ocrx_word' id='word_1_184' title='bbox 662 2588 845 2653; x_wconf 87' lang='lat' dir='ltr'><strong>redundare.</strong></span> <span class='ocrx_word' id='word_1_185' title='bbox 869 2586 1000 2671; x_wconf 91' lang='lat' dir='ltr'><strong>denique</strong></span> <span class='ocrx_word' id='word_1_186' title='bbox 1023 2588 1165 2652; x_wconf 88' lang='lat' dir='ltr'><strong>ostendet</strong></span> <span class='ocrx_word' id='word_1_187' title='bbox 1187 2586 1264 2650; x_wconf 88' lang='lat' dir='ltr'><strong>haec</strong></span> <span class='ocrx_word' id='word_1_188' title='bbox 1283 2586 1340 2651; x_wconf 92' lang='lat' dir='ltr'><strong>ad·</strong></span> 
     </span>
     <span class='ocr_line' id='line_1_22' title="bbox 156 2687 1339 2774; baseline -0.001 -22"><span class='ocrx_word' id='word_1_189' title='bbox 156 2690 286 2773; x_wconf 89' lang='lat' dir='ltr'><strong>notatio,</strong></span> <span class='ocrx_word' id='word_1_190' title='bbox 319 2710 412 2774; x_wconf 92' lang='lat' dir='ltr'><strong>quam</strong></span> <span class='ocrx_word' id='word_1_191' title='bbox 434 2689 566 2756; x_wconf 87' lang='lat' dir='ltr'><strong>infirmis</strong></span> <span class='ocrx_word' id='word_1_192' title='bbox 592 2692 685 2774; x_wconf 85' lang='lat' dir='ltr'><strong>atque</strong></span> <span class='ocrx_word' id='word_1_193' title='bbox 711 2688 876 2757; x_wconf 82' lang='lat' dir='ltr'><strong>fallacibus</strong></span> <span class='ocrx_word' id='word_1_194' title='bbox 903 2688 1050 2754; x_wconf 88' lang='lat' dir='ltr'><strong>subsidiis</strong></span> <span class='ocrx_word' id='word_1_195' title='bbox 1073 2687 1255 2772; x_wconf 85' lang='lat' dir='ltr'><strong>institerint,</strong></span> <span class='ocrx_word' id='word_1_196' title='bbox 1285 2687 1339 2770; x_wconf 88' lang='lat' dir='ltr'><strong>qni</strong></span> 
     </span>
     <span class='ocr_line' id='line_1_23' title="bbox 156 2792 1340 2883; baseline -0.002 -27"><span class='ocrx_word' id='word_1_197' title='bbox 156 2793 317 2883; x_wconf 75' lang='lat' dir='ltr'><strong>hucusque</strong></span> <span class='ocrx_word' id='word_1_198' title='bbox 343 2794 463 2859; x_wconf 86' lang='lat' dir='ltr'><strong>textum</strong></span> <span class='ocrx_word' id='word_1_199' title='bbox 485 2794 579 2859; x_wconf 91' lang='lat' dir='ltr'><strong>huius</strong></span> <span class='ocrx_word' id='word_1_200' title='bbox 602 2792 703 2858; x_wconf 92' lang='lat' dir='ltr'><strong>libelli</strong></span> <span class='ocrx_word' id='word_1_201' title='bbox 725 2793 939 2858; x_wconf 82' lang='lat' dir='ltr'><strong>tractaverunt</strong></span> <span class='ocrx_word' id='word_1_202' title='bbox 959 2810 996 2857; x_wconf 88' lang='lat' dir='ltr'><strong>ao</strong></span> <span class='ocrx_word' id='word_1_203' title='bbox 1018 2793 1123 2857; x_wconf 87' lang='lat' dir='ltr'><strong>tamon</strong></span> <span class='ocrx_word' id='word_1_204' title='bbox 1146 2792 1340 2859; x_wconf 88' lang='lat' dir='ltr'><strong>coniecturas</strong></span> 
     </span>
     <span class='ocr_line' id='line_1_24' title="bbox 154 2893 1340 2978; baseline -0.002 -19"><span class='ocrx_word' id='word_1_205' title='bbox 154 2914 297 2978; x_wconf 89' lang='lat' dir='ltr'><strong>promere</strong></span> <span class='ocrx_word' id='word_1_206' title='bbox 321 2898 528 2962; x_wconf 85' lang='lat' dir='ltr'><strong>certaverunt.</strong></span> <span class='ocrx_word' id='word_1_207' title='bbox 562 2895 709 2962; x_wconf 85' lang='lat' dir='ltr'><strong>lectiones</strong></span> <span class='ocrx_word' id='word_1_208' title='bbox 732 2894 872 2960; x_wconf 88' lang='lat' dir='ltr'><strong>codicum</strong></span> <span class='ocrx_word' id='word_1_209' title='bbox 894 2893 934 2960; x_wconf 86' lang='lat' dir='ltr'><strong>ab</strong></span> <span class='ocrx_word' id='word_1_210' title='bbox 960 2894 1092 2960; x_wconf 89' lang='lat' dir='ltr'><strong>Heinsio</strong></span> <span class='ocrx_word' id='word_1_211' title='bbox 1115 2912 1340 2961; x_wconf 86' lang='lat' dir='ltr'><strong>commemora·</strong></span> 
     </span>
     <span class='ocr_line' id='line_1_25' title="bbox 152 2997 1340 3083; baseline -0.002 -19"><span class='ocrx_word' id='word_1_212' title='bbox 152 3000 262 3065; x_wconf 86' lang='lat' dir='ltr'><strong>torum</strong></span> <span class='ocrx_word' id='word_1_213' title='bbox 284 2999 350 3063; x_wconf 89' lang='lat' dir='ltr'><strong>sine</strong></span> <span class='ocrx_word' id='word_1_214' title='bbox 372 2999 436 3063; x_wconf 91' lang='lat' dir='ltr'><strong>ullo</strong></span> <span class='ocrx_word' id='word_1_215' title='bbox 458 3000 571 3065; x_wconf 90' lang='lat' dir='ltr'><strong>damno</strong></span> <span class='ocrx_word' id='word_1_216' title='bbox 594 2999 700 3064; x_wconf 86' lang='lat' dir='ltr'><strong>omitti</strong></span> <span class='ocrx_word' id='word_1_217' title='bbox 728 3016 817 3082; x_wconf 86' lang='lat' dir='ltr'><strong>possa</strong></span> <span class='ocrx_word' id='word_1_218' title='bbox 846 2997 926 3065; x_wconf 92' lang='lat' dir='ltr'><strong>mihi</strong></span> <span class='ocrx_word' id='word_1_219' title='bbox 957 2998 1113 3083; x_wconf 81' lang='lat' dir='ltr'><strong>persuasi3</strong></span> <span class='ocrx_word' id='word_1_220' title='bbox 1147 2997 1200 3082; x_wconf 90' lang='lat' dir='ltr'><strong>qui</strong></span> <span class='ocrx_word' id='word_1_221' title='bbox 1234 2997 1340 3062; x_wconf 90' lang='lat' dir='ltr'><strong>autem</strong></span> 
     </span>
     <span class='ocr_line' id='line_1_26' title="bbox 151 3098 1341 3185; baseline -0.003 -19"><span class='ocrx_word' id='word_1_222' title='bbox 151 3102 187 3166; x_wconf 85' lang='lat' dir='ltr'><strong>et</strong></span> <span class='ocrx_word' id='word_1_223' title='bbox 218 3101 273 3167; x_wconf 92' lang='lat' dir='ltr'><strong>has</strong></span> <span class='ocrx_word' id='word_1_224' title='bbox 302 3118 478 3185; x_wconf 88' lang='lat' dir='ltr'><strong>comparare</strong></span> <span class='ocrx_word' id='word_1_225' title='bbox 506 3102 640 3168; x_wconf 82' lang='lat' dir='ltr'><strong>voluerit</strong></span> <span class='ocrx_word' id='word_1_226' title='bbox 674 3100 783 3167; x_wconf 84' lang='lat' dir='ltr'><strong>Jahnii</strong></span> <span class='ocrx_word' id='word_1_227' title='bbox 812 3103 979 3168; x_wconf 87' lang='lat' dir='ltr'><strong>editionem</strong></span> <span class='ocrx_word' id='word_1_228' title='bbox 1009 3100 1172 3185; x_wconf 85' lang='lat' dir='ltr'><strong>inspiciat,</strong></span> <span class='ocrx_word' id='word_1_229' title='bbox 1207 3098 1260 3182; x_wconf 85' lang='lat' dir='ltr'><strong>qui</strong></span> <span class='ocrx_word' id='word_1_230' title='bbox 1289 3116 1341 3163; x_wconf 86' lang='lat' dir='ltr'><strong>aas</strong></span> 
     </span>
     <span class='ocr_line' id='line_1_27' title="bbox 155 3203 426 3288; baseline -0.007 -18"><span class='ocrx_word' id='word_1_231' title='bbox 155 3203 268 3270; x_wconf 91' lang='lat' dir='ltr'><strong>sedulo</strong></span> <span class='ocrx_word' id='word_1_232' title='bbox 291 3204 426 3288; x_wconf 85' lang='lat' dir='ltr'><strong>collegit.</strong></span> 
     </span>
    </p>

    <p class='ocr_par' dir='ltr' id='par_1_4' title="bbox 148 3307 1344 3599">
     <span class='ocr_line' id='line_1_28' title="bbox 258 3307 1337 3392; baseline 0 -22"><span class='ocrx_word' id='word_1_233' title='bbox 258 3307 347 3388; x_wconf 80' lang='lat' dir='ltr'><strong>Quod</strong></span> <span class='ocrx_word' id='word_1_234' title='bbox 369 3308 408 3372; x_wconf 92' lang='lat' dir='ltr'><strong>ad</strong></span> <span class='ocrx_word' id='word_1_235' title='bbox 431 3307 685 3391; x_wconf 86' lang='lat' dir='ltr'><strong>orthographiam</strong></span> <span class='ocrx_word' id='word_1_236' title='bbox 714 3309 843 3389; x_wconf 86' lang='lat' dir='ltr'><strong>attinet,</strong></span> <span class='ocrx_word' id='word_1_237' title='bbox 878 3307 1062 3392; x_wconf 86' lang='lat' dir='ltr'><strong>primarium</strong></span> <span class='ocrx_word' id='word_1_238' title='bbox 1085 3307 1197 3372; x_wconf 88' lang='lat' dir='ltr'><strong>dnoem</strong></span> <span class='ocrx_word' id='word_1_239' title='bbox 1213 3307 1337 3371; x_wconf 87' lang='lat' dir='ltr'><strong>secutus</strong></span> 
     </span>
     <span class='ocr_line' id='line_1_29' title="bbox 155 3408 1344 3494; baseline -0.002 -20"><span class='ocrx_word' id='word_1_240' title='bbox 155 3428 229 3475; x_wconf 87' lang='lat' dir='ltr'><strong>sum</strong></span> <span class='ocrx_word' id='word_1_241' title='bbox 245 3409 382 3475; x_wconf 88' lang='lat' dir='ltr'><strong>codicem</strong></span> <span class='ocrx_word' id='word_1_242' title='bbox 397 3410 606 3486; x_wconf 70' lang='lat' dir='ltr'><strong>Marcianum,</strong></span> <span class='ocrx_word' id='word_1_243' title='bbox 631 3429 708 3494; x_wconf 88' lang='lat' dir='ltr'><strong>quaa</strong></span> <span class='ocrx_word' id='word_1_244' title='bbox 731 3413 837 3477; x_wconf 90' lang='lat' dir='ltr'><strong>autem</strong></span> <span class='ocrx_word' id='word_1_245' title='bbox 858 3411 892 3477; x_wconf 92' lang='lat' dir='ltr'><strong>in</strong></span> <span class='ocrx_word' id='word_1_246' title='bbox 915 3429 951 3476; x_wconf 91' lang='lat' dir='ltr'><strong>ea</strong></span> <span class='ocrx_word' id='word_1_247' title='bbox 972 3429 1005 3475; x_wconf 87' lang='lat' dir='ltr'><strong>re</strong></span> <span class='ocrx_word' id='word_1_248' title='bbox 1028 3410 1103 3475; x_wconf 89' lang='lat' dir='ltr'><strong>sunt</strong></span> <span class='ocrx_word' id='word_1_249' title='bbox 1124 3408 1277 3492; x_wconf 83' lang='lat' dir='ltr'><strong>grauiora,</strong></span> <span class='ocrx_word' id='word_1_250' title='bbox 1305 3425 1344 3473; x_wconf 87' lang='lat' dir='ltr'><strong>ea</strong></span> 
     </span>
     <span class='ocr_line' id='line_1_30' title="bbox 148 3513 1055 3599; baseline 0.001 -21"><span class='ocrx_word' id='word_1_251' title='bbox 148 3530 213 3578; x_wconf 88' lang='lat' dir='ltr'><strong>suo</strong></span> <span class='ocrx_word' id='word_1_252' title='bbox 237 3514 378 3599; x_wconf 87' lang='lat' dir='ltr'><strong>quodque</strong></span> <span class='ocrx_word' id='word_1_253' title='bbox 400 3514 467 3580; x_wconf 90' lang='lat' dir='ltr'><strong>loco</strong></span> <span class='ocrx_word' id='word_1_254' title='bbox 489 3517 617 3598; x_wconf 88' lang='lat' dir='ltr'><strong>tangam</strong></span> <span class='ocrx_word' id='word_1_255' title='bbox 639 3515 673 3579; x_wconf 93' lang='lat' dir='ltr'><strong>in</strong></span> <span class='ocrx_word' id='word_1_256' title='bbox 695 3517 915 3581; x_wconf 85' lang='lat' dir='ltr'><strong>commentario</strong></span> <span class='ocrx_word' id='word_1_257' title='bbox 940 3513 1055 3580; x_wconf 90' lang='lat' dir='ltr'><strong>critico.</strong></span> 
     </span>
    </p>
   </div>
   <div class='ocr_carea' id='block_1_4' title="bbox 0 0 1496 5040">
    <p class='ocr_par' dir='ltr' id='par_1_5' title="bbox 0 0 1496 5040">
     <span class='ocr_line' id='line_1_31' title="bbox 0 0 1496 5040; baseline 0 0"><span class='ocrx_word' id='word_1_258' title='bbox 0 0 1496 5040; x_wconf 95' lang='lat' dir='ltr'><strong> </strong></span> 
     </span>
    </p>
   </div>
  </div>
 </body>
</html>
