2984 5040
550 398 762 464 ,33-

219 601 245 640 v.
263 591 296 640 9⁶
315 586 433 658 aliunde]
452 588 563 643 infunde
581 589 703 657 uultis),
721 589 828 642 affunde
846 590 865 656 l,

221 689 246 727 v.
266 677 298 725 97
318 673 417 743 mollis]
437 674 512 727 molli
531 675 561 742 l„
581 674 669 729 mollis
686 683 730 744 ap

219 775 244 813 v.
264 765 313 812 100
331 759 476 814 teneris...
499 761 586 830 genis]
605 763 724 815 teneras.
735 800 758 815 ..
783 777 865 829 genas
883 760 901 828 l,
910 762 992 830 asse)
1001 763 1030 830 ²⁴)

166 881 344 947 Editionem
367 881 595 947 Bononiensem
628 903 664 947 eu
696 904 719 947 u
753 883 877 950 ductam
909 902 986 966 esse,
1015 903 1076 949 non
1099 905 1122 948 a
1157 903 1192 949 en
1220 890 1242 969 β

63 983 265 1066 descriptum,
282 986 362 1066 quod
377 986 447 1066 quis
459 984 609 1067 suspieari
624 985 734 1067 possit,
751 986 899 1068 quoniam
916 986 950 1051 in
964 1006 987 1049 o
1002 986 1126 1051 nullum
1142 991 1242 1054 exstet

63 1087 225 1171 temporis,
248 1107 308 1170 quo
330 1087 465 1170 scriptus
489 1089 545 1167 est,
568 1089 728 1168 indicium,
751 1095 875 1174 praeter
890 1088 1064 1155 leviuscula
1080 1089 1242 1173 quaedam,

64 1209 145 1274 quae
181 1192 317 1256 eorreota
351 1191 499 1274 leguntur
526 1191 604 1276 inp
636 1194 677 1274 (v.
702 1194 742 1257 19
764 1212 802 1257 a:
839 1195 877 1258 ad
911 1196 1034 1257 ornatos
1068 1193 1182 1275 pasitu,
1206 1197 1243 1278 βε

63 1296 226 1360 adornatos
258 1295 378 1378 positu;
412 1312 441 1359 u.
465 1294 517 1358 22.
539 1315 577 1360 u:
611 1313 694 1374 aure,
723 1299 759 1378 βε
785 1303 883 1377 ame),
917 1314 953 1359 en
987 1315 1021 1362 eo
1043 1295 1243 1379 potissimum

64 1398 221 1481 colligam,
245 1397 325 1480 quod
348 1415 418 1463 oum
441 1397 474 1463 in
499 1397 633 1464 editione
655 1398 845 1464 Bononiensi
867 1400 1045 1482 tempomm
1066 1401 1185 1465 ratione
1208 1401 1241 1464 in

64 1499 170 1566 Ouidii
185 1499 329 1582 operibus
345 1499 543 1583 disponendis
558 1501 591 1565 in
612 1501 791 1566 uniuersum
813 1505 935 1566 servata
956 1502 1242 1586 Metamorphoseon

62 1605 136 1670 libri
159 1603 267 1686 quarto
283 1603 411 1668 demum
425 1603 491 1668 looo
505 1606 575 1685 post
597 1603 734 1668 earmina
755 1604 909 1669 amatoria
932 1608 1004 1669 sunt
1027 1605 1183 1689 eollooati,
1205 1607 1239 1670 in

62 1728 87 1771 a
109 1708 143 1773 hi
164 1706 238 1772 libri
259 1704 396 1788 primum
411 1706 515 1770 locum
530 1707 680 1789 obtinent,
703 1707 735 1773 id
752 1706 832 1789 quod
848 1706 915 1771 sine
931 1708 1024 1774 dubio
1046 1726 1108 1772 non
1124 1707 1242 1773 sautum

64 1815 157 1887 esset,
188 1811 215 1874 si
237 1810 384 1877 librarius
408 1810 544 1876 oodioem
564 1811 750 1878 Urbinatem
771 1830 806 1877 ex
827 1816 850 1896 β
871 1812 1098 1894 desoripsisset.
1122 1812 1243 1894 reliqua

63 1933 156 1998 opera
182 1918 214 1978 et
236 1913 388 1981 Ouidiana
416 1915 447 1979 et
468 1914 773 1981 Pseudo-Ouidiana
795 1919 902 1982 eodem
924 1917 957 1979 in
980 1917 1112 1998 utroque
1136 1914 1242 1980 ordine

63 2019 139 2083 eunt
162 2016 314 2099 disposita
335 2019 367 2082 et
388 2016 500 2082 iisdem
523 2017 586 2082 fere
609 2018 713 2083 titulis
736 2018 895 2100 inseripta.

166 2137 254 2218 Quod
276 2138 311 2202 in
331 2142 354 2222 β
376 2139 447 2203 ante
468 2155 592 2202 carmen
615 2139 652 2203 de
675 2137 843 2220 philomela
865 2139 1056 2222 poematium
1085 2139 1122 2204 de
1142 2138 1243 2222 pulioe

62 2242 189 2326 legitur,
204 2259 265 2307 non
282 2244 557 2306 commemoratum
571 2240 605 2304 in
622 2243 756 2324 numero,
771 2242 953 2322 carminum,
970 2261 1047 2324 quae
1059 2263 1082 2306 u
1093 2241 1242 2320 eontinet,

62 2347 91 2411 is
114 2346 168 2428 qui
189 2350 212 2429 β
234 2346 365 2423 amavit,
387 2344 437 2410 Fr.
453 2343 653 2420 Puteolanus,
676 2345 713 2408 ut
735 2362 812 2427 quae
828 2344 932 2412 Ouidii
955 2346 1152 2411 habebantur
1175 2362 1243 2410 oer-

62 2449 152 2514 mina
173 2448 276 2514 omnia
305 2447 388 2532 typis
409 2447 586 2528 mandaret,
615 2445 693 2510 illud
721 2447 846 2512 aliunde
878 2449 982 2529 potuit
1005 2447 1154 2512 derivare.
1192 2449 1243 2527 (an

63 2552 162 2618 etiam
184 2552 217 2616 in
238 2572 262 2616 aa
284 2552 419 2629 eustati)

169 2672 252 2753 Quae
274 2671 497 2737 similitudines
513 2674 596 2738 inter
611 2672 746 2755 reliquos
764 2672 860 2738 libros
870 2765 872 2768 Ι
882 2671 1085 2752 intercedant,
1110 2676 1146 2736 ut
1161 2652 1243 2736 inter

63 2776 144 2857 Gm,
175 2775 309 2842 nonest
338 2776 418 2858 quod
449 2777 617 2857 separatim
644 2776 863 2850 demonstrem,
887 2776 925 2839 ut
954 2774 1035 2859 quod
1058 2775 1178 2840 nullius
1200 2776 1241 2839 sit

62 2879 215 2947 momenti
239 2880 278 2945 ad
301 2879 406 2945 crisim
427 2878 647 2944 factitandam.

167 3002 213 3066 De
237 3001 336 3065 altera
358 2999 489 3064 editione
511 2998 659 3082 principe,
675 2999 814 3064 Romana
832 2999 887 3085 (p),
905 2999 1043 3065 eiusdem
1066 2999 1141 3065 anni
1160 3000 1242 3066 1471

63 3104 223 3171 nonsatis
246 3103 377 3178 constat,
401 3104 480 3167 unde
503 3120 573 3166 eam
597 3101 785 3167 derivaverit
807 3103 948 3167 Andreas
971 3101 1142 3185 episeopus.
1177 3103 1242 3167 sin·

62 3209 184 3293 gularia
206 3208 355 3291 quaedam
380 3206 409 3271 ei
431 3224 503 3271 oum
526 3205 571 3292 N,
597 3208 670 3272 sunt
693 3207 880 3271 eommunia.
912 3209 1051 3271 aeterum
1074 3210 1105 3270 et
1128 3205 1166 3281 is,
1189 3205 1243 3287 qui

62 3313 142 3377 haue
163 3310 301 3395 paravit,
325 3310 379 3375 aut
408 3309 489 3374 libro
511 3309 626 3374 mimm
649 3311 802 3391 quantum
824 3312 966 3392 corrupto
990 3327 1064 3373 usus
1088 3325 1163 3384 esse,
1187 3311 1241 3373 aut

62 3416 164 3480 multa
185 3414 223 3479 de
245 3433 300 3480 suo
321 3412 483 3478 intmsisse
498 3411 621 3477 videtur
635 3412 691 3490 ita,
707 3413 744 3477 ut
759 3409 911 3477 librorum
931 3429 1003 3476 mss.
1023 3410 1243 3476 auctoritatem

61 3516 189 3582 omnino
210 3534 270 3581 non
295 3512 480 3596 ouraret⁹⁵).

164 3635 314 3718 Reliquae
348 3634 499 3701 editiones
528 3636 662 3719 veteres,
703 3652 778 3717 quas
812 3633 949 3712 exoussi,
971 3620 1108 3700 Venetae
1141 3635 1243 3718 prima

62 3757 91 3804 a
117 3737 200 3803 1474
214 3738 272 3826 (ει)
297 3739 442 3804 etaltera
466 3757 494 3804 a.
519 3737 602 3804 1486
614 3738 683 3824 (b),
699 3738 877 3803 Parmensis
894 3757 920 3805 a.
940 3738 1022 3803 1477
1047 3738 1111 3823 (π),
1127 3738 1243 3804 Aldina

59 3839 420 3926 primaa.1502(u,),
455 3841 637 3925 plerumque
670 3842 905 3924 eonsentientes,
941 3843 1073 3906 eundem
1105 3843 1240 3926 produnt

58 3944 266 4028 archetypum
300 3944 431 4010 recentis
465 3945 588 4024 aetatis,
624 3947 703 4029 quod
737 3966 753 4010 e
788 3945 1003 4011 communibus
1027 3944 1113 4011 vitiis
1135 3950 1242 4028 potest

168 4195 199 4260 ²⁴)
222 4193 382 4247 Praeterea
398 4194 467 4265 7,υρ
493 4193 522 4246 in
539 4194 634 4248 multis
660 4195 845 4259 consentiunt,
875 4209 942 4264 qnae
965 4196 997 4246 nt
1014 4192 1162 4247 eommunia
1180 4210 1240 4247 oum

59 4281 244 4349 eompluribus
266 4281 328 4335 aliis
351 4295 404 4335 non
430 4281 568 4349 admripsi.
604 4279 700 4335 codicis
724 4280 863 4334 Urbinatis
891 4283 919 4334 et
936 4279 1063 4335 editionis
1081 4278 1157 4342 Bon,
1175 4294 1241 4348 quae

56 4366 143 4422 etiam
160 4367 190 4420 in
207 4365 400 4435 orthographia
422 4366 531 4421 omnino
552 4367 715 4436 oonspirant,
742 4368 774 4419 ut
790 4366 849 4431 hio,
873 4366 913 4419 ita
931 4365 1012 4420 etiam
1032 4365 1060 4417 in
1078 4363 1240 4418 Heroidibna

55 4453 206 4509 mnium
225 4468 379 4508 eonsensum
398 4468 454 4507 esse
472 4451 624 4507 observarit
642 4453 806 4522 Sedlmayer.

1117 4542 1133 4589 3
