2984 5040
723 392 934 494 ..58-

342 581 400 647 Sed
415 581 565 646 librorum
573 581 617 644 M
622 580 651 644 L
664 581 843 656 auctoritas,
852 599 944 663 quarn
957 579 1117 662 aliquanto
1129 579 1219 644 fulcit
1230 579 1422 662 reliquorum

240 686 364 766 praeter
380 683 457 770 CN¹
470 683 598 748 Mentel.
615 701 789 761 consensus,
806 688 838 748 et
853 684 939 749 locus
950 681 1141 748 Metam.VH
1153 681 1217 748 266
1231 681 1354 758 (Adicit
1367 700 1421 746 aa·

239 791 334 851 tremo
350 786 472 867 lapides
486 787 601 851 orteate
612 788 735 867 petitos)
758 787 833 851 satis
854 789 1067 868 magnasunt,
1084 803 1162 868 quae
1177 802 1301 849 omnem
1317 785 1421 865 suspi-

241 892 360 956 cionem
373 889 505 956 diluant.
524 889 601 954 adde
615 889 707 972 quod,
718 907 789 953 curn
798 892 887 970 poeta
902 889 1074 970 speciosum
1089 888 1214 971 aliquod
1225 887 1326 953 dicere
1341 886 1421 952 velit

240 994 277 1059 de
300 992 455 1076 lapidibus
478 993 554 1075 illis,
578 993 708 1057 micatis
730 993 816 1058 notio
840 994 968 1074 prodere
992 992 1114 1057 videtur
1137 991 1312 1074 speciosum
1334 991 1421 1056 istud

239 1096 502 1179 longinquitatem
526 1115 601 1170 esse,
633 1099 714 1161 unde
737 1095 786 1160 illi
810 1096 1014 1170 advehuntur,
1039 1113 1111 1160 cum
1133 1095 1332 1174 adparatos,
1357 1094 1378 1158 i.
1396 1115 1419 1159 e.

239 1203 366 1280 arreptos,
389 1199 481 1280 pretii
504 1200 607 1282 potius
630 1201 815 1283 exaggerati,
840 1217 899 1281 quo
916 1198 1113 1281 comparandi
1130 1199 1203 1276 sint,
1228 1199 1312 1263 notio
1336 1197 1421 1261 desi·

240 1304 374 1380 deretur,
391 1306 426 1366 ut
442 1301 505 1365 fere
520 1301 637 1367 Seneca
653 1302 691 1367 dc
707 1301 878 1366 benef.VII
893 1303 957 1367 9.4
974 1303 1065 1366 dicit:
1082 1321 1147 1365 aaa
1162 1301 1241 1365 satis
1255 1298 1422 1365 muliebris

239 1404 375 1468 rinsensata
397 1404 482 1467 ciros
497 1405 712 1484 superiecerat
727 1405 794 1468 atsi
809 1405 887 1469 blaa
909 1426 946 1468 ae
961 1409 1053 1468 teraa
1066 1403 1266 1484 patrimonia
1288 1403 1422 1468 aarc'bas

239 1505 377 1589 stapulas
393 1508 624 1589 pependissent.
642 1509 683 1573 cf.
700 1508 832 1573 Tertull.
849 1511 953 1574 locum
976 1528 1070 1590 supra
1093 1507 1234 1584 allatum,
1258 1506 1334 1571 Hor.
1353 1507 1420 1574 Sat.

238 1610 314 1676 113.
338 1611 400 1676 239
423 1629 467 1692 sq.
491 1615 564 1695 puto
588 1612 686 1693 igitur
709 1611 905 1677 scribendum
927 1631 1007 1676 esse:
1038 1613 1154 1675 micante
1170 1610 1293 1690 petitos.

341 1731 378 1794 In
402 1751 429 1794 r.
454 1731 505 1795 22.
530 1733 649 1810 nescio,
685 1750 739 1797 cur
774 1732 899 1797 omnino
930 1731 1121 1796 offendamus
1155 1731 1186 1794 in
1224 1729 1417 1813 optimorum

238 1835 391 1900 librorum
406 1835 555 1900 lectione:
578 1835 625 1899 Et
639 1839 771 1915 quantos
786 1853 866 1898 naas
881 1839 924 1898 est
939 1854 1017 1897 acere
1031 1833 1139 1898 tulisse
1154 1833 1239 1897 daos.
1269 1833 1423 1898 nimirum

239 1942 304 2002 tam
320 1938 482 2020 perspicua
497 1941 589 2022 atque
604 1939 698 2020 plana
714 1940 762 2002 est
783 1938 877 2002 huius
893 1938 978 2002 modi
995 1938 1198 2020 exaggeratio,
1222 1938 1258 2000 ut
1274 1936 1327 2001 vix
1344 1954 1421 2020 opus

238 2041 280 2105 sit
293 2041 374 2106 locos
387 2041 506 2116 afferre,
516 2041 569 2105 ubi
578 2042 615 2105 de
628 2041 755 2106 auribus
765 2041 901 2106 oneratis
913 2058 1012 2104 sermo
1025 2042 1081 2105 661.
1090 2041 1159 2104 vide
1168 2040 1306 2103 vironrrm
1316 2039 1422 2106 docto-

238 2163 308 2208 rum
320 2147 409 2209 notas
421 2146 461 2209 ad
475 2146 542 2210 Art.
552 2145 703 2209 amatlll
718 2145 775 2208 1211
790 2143 871 2224 (Vos
883 2162 1000 2224 qaoque
1012 2163 1077 2206 acre
1090 2144 1176 2207 caris
1190 2161 1284 2206 cares
1295 2147 1421 2206 oecerate

239 2247 389 2328 lapillis),
413 2250 536 2312 Petron.
555 2248 617 2311 Sat.
635 2247 697 2310 LV.
723 2247 935 2329 compluribus
951 2247 1027 2310 locis
1043 2247 1126 2311 huno
1141 2265 1258 2311 rnorem
1283 2248 1422 2329 exagitat

238 2349 352 2415 Seneca
379 2351 473 2432 (Dial.
495 2353 525 2414 Π
551 2351 728 2428 14.1,Vll
754 2352 848 2427 112,
873 2351 940 2431 al).
965 2350 1004 2414 ad
1028 2370 1191 2414 numerum
1214 2350 1294 2414 daos
1316 2349 1420 2432 expli·

239 2457 372 2518 candum
396 2453 434 2517 cf.
452 2451 555 2517 Sanco.
574 2454 611 2517 de
629 2453 728 2519 benef.
744 2453 802 2516 VII
818 2455 847 2519 9.
863 2455 899 2519 4:
933 2453 1024 2516 Video
1049 2455 1183 2518 arraicaes
1197 2473 1264 2517 aaa
1278 2453 1420 2536 scapulos

237 2557 375 2638 sicopolis
402 2557 534 2620 auribus
564 2560 759 2637 conparatos,
798 2556 863 2620 iam
893 2556 978 2620 euim
1006 2557 1192 2620 coercitatac
1214 2575 1307 2620 aures
1329 2558 1420 2621 oneri

235 2659 363 2741 terendo
390 2663 481 2725 suat·
517 2661 698 2742 iaapaatar
723 2659 808 2722 irater
836 2679 867 2723 se
896 2663 924 2723 et
952 2660 1086 2738 iusuper
1111 2659 1173 2722 alit
1202 2659 1421 2740 1161666666-

234 2767 410 2842 poaaatar.
434 2765 515 2828 idem
540 2765 584 2828 De
606 2783 681 2828 rem.
707 2765 779 2828 fort.
806 2765 854 2828 16.
881 2764 915 2828 7:
952 2761 1026 2826 Duc
1054 2761 1128 2826 beae
1151 2761 1347 2826 institutam.
1361 2810 1369 2822 .
1383 2812 1413 2828 ..

239 2885 293 2929 aee
328 2866 416 2928 cacas
450 2866 607 2931 auriculis
633 2866 836 2947 patrimonia
866 2866 944 2930 blaa
978 2864 1182 2945 dependeant.
1218 2865 1300 2929 Plin.
1323 2865 1363 2932 N.
1377 2867 1419 2932 H.

237 2968 283 3033 IX
305 2968 356 3034 35.
381 2969 447 3049 (56)
474 2970 551 3033 114:
575 2969 642 3033 Hos
665 2973 721 3051 (sc.
745 2969 892 3045 elenchos)
923 2969 1034 3051 stipitis
1062 2970 1248 3050 suspendere
1277 2972 1305 3031 et
1327 2969 1418 3033 binos

213 3128 215 3132 .
236 3091 273 3136 ac
294 3066 941 3154 1666666661166[66166666916616661.
964 3072 1086 3138 Heinsii
1110 3074 1297 3151 coniectura,
1321 3091 1417 3155 quam

236 3173 290 3240 ille
313 3175 363 3240 sat
384 3174 490 3256 inepte
514 3174 627 3240 collato
650 3176 717 3239 loco
742 3176 861 3240 MetX
887 3177 945 3241 195
971 3175 1037 3257 (Sic
1052 3175 1157 3240 cultas
1178 3175 1317 3240 moriens
1338 3176 1419 3240 iacet

235 3283 263 3341 et
284 3277 403 3357 defecta
424 3277 527 3358 cipere
550 3277 630 3360 Ipsa
657 3278 717 3341 sibi
751 3283 793 3342 est
822 3279 910 3342 oaerc'
938 3278 1042 3342 ceroc'a
1070 3297 1234 3356 aaaeroqae
1256 3279 1417 3356 recumbit)

237 3382 396 3463 proposuit
419 3381 575 3446 scribens:
599 3380 645 3446 Et
660 3386 795 3462 pacatos
810 3382 899 3445 caeci
915 3386 967 3463 est,
984 3400 1045 3465 qua
1061 3382 1143 3446 idern
1161 3383 1285 3447 omnino
1309 3401 1418 3449 sensus

239 3483 384 3562 efficitur,
408 3484 511 3550 futilis
527 3484 635 3567 utique
651 3504 715 3549 esse
731 3484 863 3550 videtur.
888 3487 1026 3549 ceterum
1046 3483 1098 3549 hic
1119 3486 1204 3551 locus
1220 3485 1418 3552 luculentum

236 3587 364 3667 praebet
393 3589 568 3670 exemplum
595 3588 767 3670 grassantis
796 3587 1019 3670 corruptionis;
1048 3607 1119 3653 cum
1149 3589 1233 3652 enim
1260 3605 1315 3670 pro
1338 3609 1419 3655 caus

238 3691 389 3772 scriptum
413 3691 524 3755 fuisset
546 3691 660 3770 bocas,
691 3691 723 3754 id
746 3693 808 3756 iam
839 3693 872 3755 in
902 3690 1002 3755 bonor
1027 3693 1187 3756 mutatum
1210 3696 1272 3771 est,
1304 3696 1335 3758 et
1359 3712 1415 3775 pro

236 3794 333 3858 bonor
355 3793 391 3873 is,
416 3794 469 3877 qui
492 3814 508 3858 c
531 3796 677 3879 exaravit,
709 3798 744 3858 ut
767 3795 804 3858 de
828 3793 940 3858 ceteris
964 3793 1164 3859 librariorum
1186 3796 1307 3860 taceam
1331 3814 1418 3861 com·

236 3900 359 3975 mentis,
383 3898 531 3962 audacter
552 3897 643 3961 decas
665 3899 804 3964 intrusit.
1091 3887 1097 3900 '

338 4019 376 4082 In
398 4036 428 4081 v.
444 4019 485 4091 23
507 4017 743 4100 praeferendum
766 4022 814 4084 est
831 4019 896 4084 Nec
911 4024 1024 4100 tamea,
1049 4021 1131 4103 quod
1156 4038 1261 4083 versus
1284 4018 1415 4085 initium

236 4122 347 4203 optimi
375 4122 449 4186 libri
477 4125 625 4206 tuentur>
657 4140 729 4186 oum
750 4121 826 4186 Noa
854 4127 874 4187 t.
899 4126 957 4189 duo
992 4126 1118 4188 tanturn
1153 4124 1313 4206 suspectae
1343 4123 1419 4188 fidei

237 4225 355 4289 codices
378 4225 552 4289 exhibeant.

337 4329 375 4391 In
397 4328 502 4392 eodem
526 4348 615 4393 versu
630 4328 777 4393 Heinsius
801 4329 933 4393 scribere
948 4329 1062 4393 maluit
1084 4329 1114 4392 sc'
1129 4347 1182 4412 pro
1198 4329 1249 4408 sit,
1273 4329 1421 4415 relegans

235 4432 274 4495 ad
297 4431 399 4496 nescio
422 4449 498 4513 quos
522 4430 641 4496 codices
663 4431 766 4496 Marii.
798 4431 925 4496 Heinsio
951 4451 1091 4499 assensus
1114 4438 1162 4499 est
1189 4432 1363 4499 Merkelius
1387 4435 1423 4499 in
