2978 5040
640 396 848 461 ..24-

155 583 218 648 tria
238 583 366 648 omnino
388 582 548 650 volumina
570 584 857 667 comprehendenti,
886 604 965 668 quae
994 586 1114 652 nudum
1135 586 1249 670 ulique
1273 593 1338 655 ter·

154 687 224 752 tum
247 687 412 768 praebent,
427 686 502 752 >ulla
524 689 647 754 emtcnt
669 690 882 772 excerptorum
904 689 1032 755 illorum
1054 691 1202 776 vestigia

256 805 485 875 Gravissimum
513 810 626 871 autem
639 806 750 872 horum
779 809 986 892 excerptorum
1014 811 1156 892 prelium
1174 811 1260 876 illud
1283 818 1337 893 est,

152 909 236 991 quoe
269 909 443 975 Pontianus
472 909 567 974 riores
602 909 755 975 mimum
787 912 820 976 a
847 913 1001 977 umorum
1024 915 1056 977 u
1077 912 1177 978 rnen
1200 899 1335 982 anum

155 1031 226 1079 cum
249 1016 373 1080 vetmto
396 1015 500 1080 codice
523 1013 731 1080 bibliothecae
752 1015 949 1095 Marcianae,
971 1016 1028 1103 qni
1048 1036 1130 1083 nunc
1151 1018 1336 1101 deperditus

126 1133 222 1188 xesse
248 1116 388 1182 videtur.
434 1115 598 1183 exstabant
629 1116 712 1183 enim
741 1119 774 1183 in
803 1118 939 1186 editione
967 1120 1024 1186 illa
1054 1120 1113 1186 hae
1139 1125 1234 1188 notae
1259 1127 1336 1191 teste

153 1219 307 1285 Bandinio
322 1217 472 1282 Politiani
489 1237 582 1282 manu
598 1218 773 1301 adscriptae
785 1218 844 1302 ΩΟ);
868 1222 919 1285 Ad
934 1220 1032 1286 libros
1049 1224 1220 1289 Amorum:
1237 1223 1336 1303 ,Gora

153 1321 257 1408 loelli]
281 1341 352 1386 σκω
378 1321 506 1386 caustis
526 1320 648 1386 luobus
669 1324 903 1406 exemplaribus
930 1327 1030 1390 aliero
1053 1326 1203 1394 Marciae
1225 1329 1332 1394 biblio-

154 1423 267 1503 thecae,
289 1425 389 1490 allero
404 1424 559 1491 Melicae.
581 1424 676 1490 illud
697 1447 719 1491 κ
741 1427 850 1514 κ’σίκσ
868 1428 1078 1514 munificator,
1101 1429 1156 1495 boc
1179 1432 1289 1499 littera
1309 1433 1333 1499 b.

154 1533 251 1596 1493.
287 1529 338 1594 die
360 1534 413 1596 27.
438 1530 605 1612 Septembr.
630 1531 709 1596 hora
736 1534 860 1599 circiter
881 1535 975 1598 tertia
1002 1536 1102 1602 aedis
1129 1537 1168 1600 ire
1191 1535 1332 1602 ruauh*

154 1634 211 1719 (sc.
246 1634 444 1718 Faesulano).
488 1636 528 1702 ad
566 1636 663 1702 libros
700 1636 871 1703 Tristium:
915 1636 1066 1720 7,Οωκωί
1102 1638 1158 1704 bos
1194 1640 1331 1721 qairpm

154 1737 311 1804 brictium
343 1737 457 1803 Libros
489 1758 561 1803 cum
593 1740 720 1804 oaeais
751 1740 872 1804 duobus
904 1739 1059 1807 matoes
1085 1760 1118 1805 ee
1149 1743 1249 1824 (recte
1270 1743 1331 1825 sed)

153 1841 316 1924 colesbere
348 1860 416 1905 κσκ
444 1841 529 1906 aibil
556 1843 655 1907 altero
682 1863 720 1906 eoo
741 1841 784 1907 D.
810 1843 920 1907 Marci
940 1841 1112 1909 Florentia
1144 1843 1333 1926 bibliotheca,

151 1944 237 2028 qaod
266 1944 375 2008 littera
403 1963 424 2006 a
452 1943 588 2021 iudicat,
626 1944 725 2007 allero
759 1948 864 2008 κωσω
885 1944 961 2009 ’κω
989 1945 1124 2028 petiae
1151 1951 1272 2012 causeo
1299 1968 1333 2015 ca

155 2047 284 2114 Medica
306 2046 470 2123 librario,
493 2046 577 2133 quoii
599 2047 616 2110 b
640 2047 746 2112 littera
767 2048 977 2131 sipaipicatar.
1029 2048 1090 2116 Ubi
1112 2053 1242 2132 uterque
1265 2071 1332 2117 coa·

109 2187 111 2193 ,
149 2150 240 2236 precii
261 2150 356 2215 codex
378 2149 462 2213 aibil
476 2150 669 2232 apparuimus
691 2150 787 2233 sicui.
814 2149 980 2216 Obseroaoi
1003 2156 1118 2229 autem,
1139 2153 1224 2234 quael
1247 2153 1333 2238 soleo,

153 2259 188 2319 at
210 2255 247 2319 cle
269 2273 334 2317 meo
361 2252 444 2317 coibit
471 2250 677 2333 addiicerem,
711 2257 804 2335 atque
832 2274 871 2318 roe
904 2255 967 2320 illa
999 2254 1126 2335 quidem
1152 2257 1332 2342 omitterem,

150 2380 232 2443 qaae
254 2358 402 2422 candaca
423 2375 485 2422 esse
507 2357 661 2441 liquebat,
691 2359 744 2422 elie
766 2361 820 2423 27.
844 2358 1038 2422 Iulii1493
1060 2359 1097 2422 ω
1119 2357 1222 2424 Pauli
1245 2361 1334 2424 adia

151 2463 272 2529 toribus
309 2460 466 2526 Nicbolao
500 2459 655 2525 Baldella
687 2466 715 2525 el
748 2460 879 2525 Roberto
911 2460 1054 2524 Miusutio
1081 2460 1333 2541 familiaribus“.

152 2567 287 2650 denique
309 2565 343 2631 iu
364 2565 571 2644 calcelibelli
593 2567 631 2632 de
653 2566 740 2631 Nuce
774 2566 850 2632 haec
880 2567 1061 2647 adscripsit:
1094 2564 1243 2644 „Coroluli
1266 2587 1336 2632 σωκ

149 2670 327 2752 exemplari
348 2689 386 2734 ec
408 2667 451 2734 D.
477 2667 587 2755 Marci
608 2668 806 2734 Bibliotheca
829 2667 987 2733 Libellum
1009 2666 1092 2732 laroc
1114 2668 1151 2732 de
1174 2668 1266 2737 Νκσσ
1287 2670 1336 2734 die

152 2774 436 2840 21.Iolti1493“.
456 2774 621 2840 Fastorum
643 2773 768 2839 collatio
791 2793 863 2839 eum
880 2776 1018 2858 ,acesto
1032 2771 1152 2839 codiee“
1171 2773 1211 2838 ab
1228 2773 1336 2838 eodem

152 2877 308 2944 Politiano
330 2879 415 2942 iacta
438 2878 555 2942 nullius
577 2880 625 2942 est
648 2875 750 2958 pretii,
774 2877 846 2958 quia
869 2877 962 2942 codex
984 2875 1023 2941 ab
1047 2893 1081 2939 eo
1115 2875 1250 2941 collatus
1273 2877 1336 2960 ipse

149 2980 243 3048 nobis
265 2983 389 3063 praesto
412 2982 470 3071 est,
493 2978 711 3045 Ursininienus
734 2979 788 3062 (ei
805 2979 933 3056 Merkel,
956 2981 1004 3044 ed.
1029 2979 1180 3044 fastorum
1204 2996 1233 3044 a.
1252 2979 1334 3046 1841

152 3106 182 3170 p.
199 3081 448 3165 cclxxxiii).
472 3085 592 3165 praeter
607 3083 663 3148 has
686 3081 863 3147 collationes
879 3083 1071 3147 Politianum
1093 3085 1183 3147 notae
1207 3080 1336 3149 criticas

150 3188 191 3253 ad
214 3185 381 3268 epistulam
404 3183 555 3271 Sapphus,
590 3184 630 3248 ed
653 3184 780 3266 Artem,
814 3182 964 3250 Remedia
986 3185 1115 3261 amoris,
1150 3181 1251 3262 Ibim,
1276 3184 1337 3251 elia

149 3290 355 3371 adscripsisse
377 3288 522 3353 docemur
544 3286 728 3377 apographis
753 3286 968 3352 Gronoriania

256 3409 378 3479 Sedet
405 3411 469 3478 iam
499 3411 537 3491 de
559 3409 706 3477 Politiani
740 3409 842 3476 codice
864 3410 1023 3476 Marciano
1046 3408 1156 3486 dicam,
1186 3409 1247 3474 etsi
1275 3426 1338 3473 non

152 3532 282 3598 possum
303 3515 449 3598 proferre,
474 3516 527 3598 qui
542 3515 598 3580 ille
612 3513 716 3591 merit,
732 3517 837 3580 tamen
860 3515 1019 3580 Marciano
1034 3513 1088 3595 qni
1103 3513 1191 3579 nobis
1213 3516 1337 3595 praesto

150 3621 200 3685 est
222 3617 294 3703 (M)
321 3620 422 3685 virum
444 3619 536 3686 illum
560 3617 686 3683 doctum
706 3635 799 3683 usum
816 3636 877 3683 non
893 3637 968 3694 esse,
992 3618 1074 3698 quod
1096 3616 1273 3698 suspicatus
1290 3618 1338 3682 eet

149 3721 282 3799 Merkel,
306 3726 394 3786 extra
416 3741 542 3796 omnem
565 3720 792 3786 dubitationem
816 3722 865 3785 est
879 3722 1026 3802 positum.
1050 3720 1109 3783 etsi
1133 3720 1218 3783 enim
1241 3719 1337 3785 editio

152 3826 208 3891 illa
229 3826 408 3892 Parmensis
430 3845 457 3892 a.
477 3826 558 3891 1477
575 3824 727 3889 Politiani
750 3824 968 3889 collationibus
992 3827 1023 3887 et
1046 3823 1129 3888 notis
1153 3812 1338 3887 exornatae
1363 3808 1365 3814 ¹

149 3929 349 3997 bibliothecis
372 3928 562 3996 Florentinis
595 3929 660 3993 iam
693 3925 732 3991 ab
769 3927 896 3991 ineunte
924 3926 985 3994 hoc
1013 3928 1133 3992 saeculo
1162 3926 1278 4007 exulat,
1301 3929 1338 3992 ut

151 4034 200 4099 rir
222 4033 508 4116 praestantissimus
531 4033 571 4098 N.
595 4031 728 4098 Anniani
758 4029 891 4112 epistula
926 4031 965 4094 ad
998 4048 1048 4094 me
1082 4030 1180 4095 missa
1212 4047 1337 4095 mecum

151 4195 356 4206 ——-...

256 4285 288 4350 ²⁰)
316 4282 493 4348 Gronovium,
524 4299 537 4337 e
565 4283 640 4336 onius
667 4281 845 4351 pugillaribus
872 4296 939 4349 qnae
963 4280 1016 4333 hnc
1041 4279 1178 4333 faciebant
1207 4277 1338 4347 excerpsit

149 4369 340 4434 Franlrinrter,
368 4386 421 4423 non
448 4370 538 4423 omnia
562 4369 775 4438 transscripeisse
798 4367 883 4422 video.
919 4365 1027 4420 Heinsii
1051 4364 1205 4435 apographa
1223 4380 1278 4418 non
1296 4364 1339 4418 in·

153 4457 242 4511 venire
259 4456 377 4525 contigit
394 4456 423 4510 in
441 4457 529 4526 amplo
548 4458 680 4525 apparatu
698 4456 755 4509 eine
773 4455 840 4509 item
857 4453 976 4508 Berolini
994 4453 1139 4508 adservato.
