2984 5040
644 421 849 486 ..31-

152 615 360 681 difficultates
383 618 486 679 666661
510 609 778 688 demonstrandae,
801 610 838 674 ut
860 609 1037 692 legitimum
1053 607 1237 693 opusculum
1251 609 1335 692 peri-

152 720 226 794 isse,
250 716 453 781 subdititium
476 718 598 780 exstare
622 730 782 797 possemus
811 712 962 794 suspicari
985 716 1084 777 —ut
1114 711 1177 776 fere
1200 712 1236 777 de
1270 712 1336 794 epi-

150 821 238 885 stula
266 819 408 901 Sapphus
437 819 470 883 in
499 817 607 882 Amor.
631 817 662 881 H
687 816 735 881 18.
758 816 800 881 26
829 819 965 898 aposta
997 815 1063 896 ipso
1097 821 1337 883 commemorata

151 924 213 988 viri
235 923 317 988 docti
339 925 415 1005 iure,
438 925 475 986 ut
494 921 642 1013 equidem
663 919 850 1002 putaverim,
873 919 1027 984 statuunt.

256 1025 345 1107 Quod
368 1025 407 1090 61
423 1026 509 1106 prius
528 1023 609 1089 illud
625 1023 750 1101 attinet,
764 1023 833 1086 dieo
850 1023 1015 1088 materiam
1037 1023 1075 1087 ab
1091 1021 1202 1087 Ouidio
1217 1024 1333 1088 tracta·

150 1132 234 1208 tam,
269 1128 412 1211 equidem
448 1128 581 1193 libenter
614 1126 762 1192 confiteor
800 1144 850 1190 me
885 1125 987 1206 ipsum
1025 1145 1057 1190 re
1093 1127 1230 1191 nondum
1267 1146 1347 1211 per·'

151 1238 258 1316 specta
291 1233 349 1297 boe
382 1232 585 1315 potissimum
616 1230 761 1314 scrupulo
790 1229 958 1306 laborasse,
988 1232 1069 1312 quod
1098 1249 1117 1296 a
1146 1234 1240 1314 poeta
1269 1236 1336 1296 tam

153 1355 228 1402 vero
251 1340 378 1418 tamque
410 1335 506 1398 divite
535 1354 614 1399 6666
641 1332 791 1417 praedito,
827 1333 953 1416 qualem
983 1331 1131 1399 Ovidium
1160 1353 1224 1398 6666
1254 1334 1335 1399 16166

155 1460 260 1508 omnes
298 1442 436 1518 6666161,
470 1438 623 1514 alienum,
660 1455 698 1502 ne
732 1438 834 1503 dicam
869 1457 904 1502 eo
937 1438 1102 1522 indignum
1132 1441 1214 1504 66661
1246 1459 1336 1521 prae-

153 1548 243 1627 cepta
266 1544 386 1609 medica
408 1544 601 1608 conscribere
625 1545 667 1623 et,
692 1561 840 1627 quaeres
863 1545 895 1606 et
917 1545 1071 1624 quantum
1085 1543 1235 1624 cuiusque
1251 1547 1334 1607 66661

151 1649 354 1730 sumendum,
384 1651 451 1712 tam
482 1647 625 1712 accurrate
656 1647 782 1728 tamque
816 1645 907 1720 scite,
942 1648 977 1708 ut
1011 1645 1143 1723 ridetur,
1175 1664 1334 1729 exponere,

150 1756 187 1818 ut
209 1751 338 1816 iamiam
361 1750 626 1815 medicamentarii
649 1750 791 1814 61161666
814 1767 851 1813 66
873 1749 995 1814 tradere
1010 1751 1109 1831 possis
1124 1751 1334 1832 exsequenda:

151 1857 213 1922 tale
231 1856 312 1919 enim
330 1855 462 1918 alterum
475 1853 646 1936 fragmenti
661 1853 749 1918 nobis
765 1853 878 1918 servati
901 1851 1075 1917 dimidium
1090 1872 1157 1918 esse
1180 1855 1333 1919 videmus.

237 1957 296 2021 Sed
309 1962 343 2021 ut
359 1957 423 2021 iam
435 1958 515 2021 hanc
527 1957 746 2021 difficultatem
761 1955 933 2038 expediam,
944 1954 1072 2022 Ovidius
1084 1957 1222 2039 profecto
1240 1959 1335 2025 stiam

150 2063 182 2127 in
195 2061 246 2125 his
269 2060 360 2124 rebus
383 2060 498 2141 optime
514 2061 672 2124 versatum
688 2077 721 2122 66
732 2059 860 2140 praebet
878 2061 971 2141 atque
989 2058 1022 2123 in
1045 2060 1231 2151 carminibus
1248 2081 1335 2127 ama-

152 2166 241 2229 toriis
265 2164 349 2229 baud
372 2181 470 2244 pauca
491 2163 595 2245 prodit
619 2162 854 2246 huiusgeneris
877 2181 997 2227 aroana.
1035 2164 1108 2245 quid
1132 2164 1217 2229 enim
1241 2170 1334 2248 creto,

144 2288 253 2350 paroc
268 2269 370 2351 61616,
393 2267 495 2331 lenuis
515 2265 641 2346 1661116,
665 2284 773 2330 crocos
794 2267 922 2348 prosint,
946 2266 1001 2332 ille
1019 2269 1198 2335 6611616661
1214 2271 1245 2334 in
1264 2272 1334 2334 Art.

151 2391 211 2436 am.
226 2371 277 2435 Ill
295 2372 356 2434 199
372 2390 436 2453 sqq.
449 2375 485 2434 ut
500 2374 574 2445 16666
589 2369 792 2450 6611661616,
808 2374 843 2434 61
867 2389 983 2451 occupa
1004 2371 1139 2436 Athenis
1160 2373 1276 2458 661666,
1301 2380 1336 2439 61

152 2494 256 2537 cereae
278 2474 433 2539 modoetiae
455 2474 624 2557 diligenter
647 2474 851 2550 occultentur,
869 2474 979 2539 deinde
993 2476 1161 2558 praecipit;
1185 2495 1336 2557 66666666

152 2578 249 2642 etiam
271 2579 305 2641 in
327 2579 416 2643 Rem.
440 2595 501 2640 am.
533 2579 597 2643 354
620 2581 887 2656 commemoratur,
923 2581 954 2643 et
987 2579 1108 2660 possint
1139 2578 1202 2644 alia
1238 2581 1335 2645 etiam

152 2682 244 2746 huius
267 2681 389 2763 generis
412 2680 516 2745 afferri
539 2682 689 2765 exempla.
713 2683 768 2747 661
785 2683 860 2765 quid
882 2684 998 2748 multa:
1023 2683 1050 2746 si
1073 2681 1199 2748 laesis
1222 2684 1335 2765 puellis

152 2786 340 2870 praesidinm
369 2789 415 2850 661
444 2786 630 2866 petendum,
665 2788 770 2851 omnia
797 2791 941 2852 accurate
966 2787 1182 2852 describantur
1211 2805 1335 2852 6666666

153 2892 209 2955 est.
235 2888 313 2953 adde
337 2887 434 2971 quod,
465 2889 492 2951 si
521 2891 701 2971 respicimus
736 2888 883 2955 Ovidium
912 2889 945 2954 in
978 2889 1238 2955 medicaminibus
1261 2908 1334 2954 con-

152 2992 320 3056 seribendis
351 3009 420 3055 cum
451 2991 514 3055 alia
547 2994 617 3056 tum
650 2996 782 3057 maxime
815 2992 918 3057 varias
952 2992 1065 3057 herbas
1099 2994 1181 3057 sumi
1220 2994 1333 3075 iubere,

152 3113 285 3177 quarum
309 3092 390 3156 vires
414 3093 509 3158 etiam
540 3093 573 3158 in
595 3094 724 3177 reliquis
753 3094 942 3160 carminibus
973 3098 1101 3180 tangere
1132 3099 1163 3161 et
1186 3115 1335 3178 exponere

152 3199 278 3263 adamat
296 3197 350 3278 (61.
365 3199 435 3263 Art.
451 3215 511 3261 am.
524 3197 555 3260 Π
577 3199 642 3264 415
658 3218 736 3282 sqq,
750 3199 838 3264 Rem.
853 3219 914 3265 arn.
929 3200 989 3264 791
1003 3219 1081 3282 sqq,
1094 3201 1160 3282 al),
1184 3199 1332 3282 suspicari

151 3319 315 3384 possumus
340 3299 470 3365 alicuius
493 3301 644 3366 momenti
673 3302 769 3366 fuisse
791 3303 830 3366 ad
859 3307 1078 3384 argumentum
1100 3302 1158 3368 hoc
1179 3305 1331 3368 remotius

151 3404 394 3487 aggrediendum
419 3405 675 3469 consuetudinem
697 3406 795 3470 Macri
821 3406 939 3486 poetae,
970 3404 1007 3470 de
1029 3423 1089 3488 quo
1105 3405 1170 3487 ipse
1197 3407 1275 3473 dicit
1300 3408 1333 3473 in

152 3509 202 3571 Tr.
221 3507 265 3570 IV
284 3507 333 3571 10.
349 3507 406 3570 43:

254 3608 353 3689 Saepe
375 3628 451 3673 6666
471 3609 611 3675 volucres
634 3609 705 3693 lepti
727 3609 808 3673 66111
828 3610 986 3694 prandeor
1008 3631 1089 3695 6666,

300 3713 443 3793 Quaeque
466 3717 553 3777 66661
574 3732 711 3797 serpena,
735 3713 1121 3797 66661666116616,
1147 3713 1275 3798 Macen

153 3836 210 3900 quo
241 3817 318 3880 duce
348 3816 440 3880 Asiae
474 3815 661 3882 6181611166
691 3821 780 3884 urbes
813 3817 925 3883 adiisse
953 3819 1075 3883 videtur
1099 3817 1149 3902 (of.
1173 3817 1217 3881 Ex
1240 3818 1277 3882 P.
1300 3819 1332 3883 H

154 3923 201 3985 10.
227 3919 267 3983 21
291 3923 382 3999 sqq).
420 3920 558 3983 ceterum
593 3918 666 4001 quid
700 3937 762 3984 non
795 3922 924 4005 aggredi
951 3923 1080 4004 paratus
1113 3919 1173 3984 erit
1200 3921 1333 3998 iuvenis,

153 4023 275 4108 qualem
307 4020 455 4086 Ouidium
484 4022 578 4088 161666
610 4023 760 4104 videmus,
792 4025 907 4108 puellis
936 4025 1195 4108 gratificaturus?

252 4144 291 4208 In
314 4148 439 4209 externo
463 4146 587 4224 autem,
624 4150 659 4210 ut
681 4146 726 4210 ita
749 4146 866 4224 dicam,
890 4146 989 4211 libelli
1018 4146 1159 4229 quamvis
1194 4146 1332 4211 truncati

152 4247 260 4315 habitu
283 4247 385 4311 multa
407 4247 485 4311 mibi
508 4251 629 4312 exstare
652 4247 797 4314 videntur
828 4249 964 4327 indicia,
998 4269 1075 4332 quae
1104 4253 1204 4314 artem
1228 4253 1260 4314 et
1282 4249 1333 4314 in·

152 4354 277 4431 genium
300 4348 403 4415 Ovidii
425 4351 573 4431 prodant,
607 4352 634 4416 si
663 4352 798 4435 insignia
821 4354 973 4434 quaedam
1001 4356 1094 4435 atque
1117 4352 1269 4418 notabilia
1298 4353 1331 4415 in

152 4455 319 4521 uerborum
342 4455 460 4520 dilectu
483 4454 702 4520 condonaveris
725 4457 861 4522 sermoni
883 4457 1012 4539 poetico.
1043 4475 1092 4520 res
1116 4455 1198 4521 enim
1223 4457 1335 4521 metris

1213 4565 1228 4588 2
