2984 5040
619 394 832 462 ..30-

136 587 283 669 pendium
299 585 457 649 variorum
472 582 716 649 medicaminum
732 585 885 662 conderet,
898 601 1030 666 quorum
1040 581 1232 665 praefatione
1246 600 1320 664 pro·

135 691 237 773 posita
264 689 401 772 primum
429 705 496 751 esse
520 687 619 753 voluit
647 686 796 771 corium,
819 683 1159 750 Pseudo-Ouidianum
1189 683 1319 763 scilicet,

137 793 272 857 alterum
304 789 409 874 facici.
456 791 550 872 atque
582 789 655 853 inde
690 788 863 873 explicatur
893 785 1093 875 ,speculum“
1118 786 1216 866 illud,
1238 788 1320 870 quod

136 913 248 960 nomen
264 895 301 959 dc
316 892 537 977 compendiolis
552 892 731 957 huiusmodi
746 895 821 958 tunc
844 891 1084 958 usitatissimum
1098 890 1193 956 fuisse
1208 895 1320 956 uotum

137 999 198 1080 cst;
215 1000 298 1062 certe
313 997 431 1078 speculi
446 996 532 1062 notio
547 995 672 1061 omuino
687 1014 750 1061 nou
766 995 900 1078 quadrat
915 996 954 1060 ad
967 1011 1014 1073 ca,
1026 993 1148 1077 quaein
1163 994 1319 1078 poematio

137 1101 175 1165 de
196 1100 403 1165 medicamine
427 1099 553 1164 aurium
576 1101 641 1163 toto
664 1100 848 1165 tractantur.

238 1221 285 1284 De
319 1220 477 1285 codicibus
506 1219 599 1285 huius
628 1219 768 1285 familiae
797 1237 894 1283 uuum
928 1219 986 1285 hoc
1019 1218 1171 1302 adiciam,
1205 1218 1320 1285 artiore

136 1324 257 1390 1116116
280 1323 458 1390 coniunctos
474 1341 542 1388 esse
563 1321 660 1410 1111,
684 1341 816 1406 quorum
838 1323 889 1387 hic
910 1322 1031 1405 aliquot
1052 1322 1127 1388 locis
1149 1322 1319 1406 genuinam

134 1426 301 1492 lectionem
324 1445 460 1492 servasse
484 1426 618 1492 videtur..

238 1530 413 1612 Tamquam
453 1528 590 1595 medium
627 1530 710 1595 inter
742 1529 788 1593 M
817 1532 848 1594 61
882 1529 1014 1595 alteram
1052 1547 1146 1612 quarn
1182 1529 1320 1596 diximus

137 1632 292 1700 familiam
313 1635 417 1699 locum
433 1632 574 1698 obtinent
595 1633 669 1699 libri
692 1632 762 1700 OL.
786 1634 820 1698 hi
842 1635 925 1699 enim
947 1652 1019 1699 cum
1041 1634 1225 1718 plerumque
1248 1652 1322 1700 cum

138 1734 184 1798 M
201 1736 330 1814 faciant,
365 1739 446 1801 unde
469 1754 518 1801 eos
540 1737 658 1818 primae
680 1737 821 1802 familiae
846 1755 915 1802 cum
939 1737 993 1802 illo
1016 1738 1177 1820 adscripsi,
1211 1737 1321 1804 tamen

135 1837 253 1922 aliquot
275 1839 353 1905 locis
376 1842 466 1905 modo
490 1840 551 1918 hic,
576 1842 667 1906 modo
691 1840 756 1920 1116,
778 1842 870 1906 modo
885 1843 1015 1924 uterque
1031 1841 1162 1907 alterius
1179 1839 1320 1909 familiae

135 1941 281 2008 lectiones
311 1963 327 2008 e
356 1947 531 2009 correctura
553 1944 707 2027 profectas
731 1943 886 2009 exhibent.
911 1943 948 2010 de
971 1942 1225 2009 LBachrensius
1246 1945 1269 2009 1.
1293 1964 1319 2010 6.

136 2045 181 2108 616
204 2046 329 2130 statuit,
346 2066 417 2112 eum
440 2046 480 2112 ad
496 2048 632 2112 alterum
648 2047 762 2112 codicis
781 2047 941 2112 cuiusdam
957 2047 1089 2129 antiqui,
1113 2049 1183 2130 post
1196 2045 1320 2113 Nucem

136 2147 280 2213 libellum
304 2150 342 2213 de
365 2150 445 2214 med.
460 2149 481 2213 f.
496 2150 679 2234 exhibentis,
703 2151 917 2234 apographum
938 2150 1048 2229 redire,
1080 2168 1150 2216 cum
1172 2151 1213 2214 M
1235 2169 1318 2216 nuno

135 2250 260 2331 quidem
276 2252 512 2335 antiquissimus
527 2253 579 2332 sit,
603 2252 657 2334 qui
680 2253 771 2318 illum
790 2254 1011 2337 repraesentet.
1036 2272 1114 2336 quae
1134 2253 1319 2319 Baehrensii

135 2355 292 2419 sententia
303 2356 336 2419 in
350 2356 532 2421 uuiversum
544 2355 670 2437 quidem
687 2356 783 2420 etiam
798 2356 907 2435 libelli,
920 2359 958 2420 de
976 2373 1035 2439 quo
1052 2358 1183 2442 egimus,
1206 2356 1319 2422 lectio·

136 2455 225 2523 nibus
248 2459 483 2543 comprobatum
507 2460 624 2535 tamen,
652 2458 733 2541 quod
749 2458 820 2537 dixi,
845 2458 1013 2524 manifesta
1036 2460 1069 2523 in
1092 2459 1121 2522 L
1145 2460 1318 2543 deprehen-

136 2560 253 2626 duntur
275 2562 306 2627 et
328 2561 459 2628 alterius
487 2561 627 2628 familiae
657 2561 830 2627 lectionum
861 2564 893 2626 61
920 2579 1031 2627 manus
1055 2565 1198 2629 consulto
1221 2564 1320 2629 corri-

135 2664 237 2747 gentis
259 2665 403 2751 uestigia.

238 2769 391 2834 Iudicium
402 2771 507 2851 paullo
524 2769 635 2834 melius
647 2769 728 2834 forre
739 2770 814 2835 licet
830 2771 869 2835 de
882 2768 917 2841 0.
934 2770 994 2835 Hic
1009 2772 1103 2850 enim,
1117 2771 1169 2852 qui
1181 2771 1320 2852 plerum·

135 2889 193 2952 que
217 2890 283 2935 cum
307 2872 352 2934 M
369 2872 460 2950 iacit,
484 2872 560 2937 locis
583 2873 714 2938 nonita
739 2872 850 2938 multis
876 2874 914 2937 ut
939 2872 969 2936 L
997 2873 1168 2957 singularia
1189 2876 1319 2955 praebet

136 2976 167 3038 61
181 2973 331 3038 lectiones
346 2974 452 3039 illatas
467 2993 502 3039 er
514 2975 644 3041 alterius
657 2976 797 3041 familiae
808 2977 897 3042 libris
906 2976 1122 3056 deterioribus,
1132 2977 1319 3061 quibuscum

135 3077 164 3140 ei
187 3076 282 3141 etiam
305 3075 595 3142 Pseudo-Ovidiona
620 3078 678 3144 illa
700 3078 738 3144 de
762 3076 883 3159 Polio‘e,
906 3080 944 3146 dc
965 3081 1172 3146 Mirobitibos
1193 3082 1318 3161 maadi,

134 3179 171 3264 de
195 3179 409 3244 Medioomo'ac
437 3180 566 3244 corium
594 3186 667 3246 sunt
692 3184 884 3260 communia,
908 3185 992 3249 istud
1020 3185 1146 3269 quidem
1167 3186 1239 3268 post
1261 3185 1318 3252 lib.

1 3323 2 3327 =
135 3284 172 3348 de
195 3285 275 3348 med.
299 3283 319 3348 f.
343 3284 514 3349 exaratum.

237 3387 303 3468 Quo
326 3386 447 3452 facilius
462 3388 568 3452 autem
583 3388 681 3471 possit
696 3393 847 3473 cognosci,
865 3409 942 3473 quae
959 3392 1036 3456 ratio
1057 3391 1319 3475 atqueadfinitas

134 3490 308 3555 intercedat
323 3492 406 3556 iuter
421 3489 1055 3580 1161611116111661111111111,
1071 3494 1148 3560 hacc
1158 3494 1320 3580 subiungo

135 3597 357 3681 scripturarum
391 3596 532 3678 exempla
564 3595 683 3678 (littera
705 3618 725 3662 σ
750 3601 805 3662 aut
828 3615 934 3662 omues
958 3599 1012 3664 aut
1035 3598 1163 3682 aliquot}
1187 3597 1320 3664 alterius

136 3697 276 3762 familiae
292 3699 410 3763 codices
426 3699 653 3783 significantur,
669 3701 817 3766 lectiones
841 3703 991 3786 genuinae
1012 3703 1130 3768 litteris
1148 3701 1320 3787 diductis):

136 3836 163 3883 1.
210 3819 228 3882 1
253 3820 364 3890 culta
387 3819 506 3885 MLu:
532 3819 701 3890 MultaO]

135 3941 162 3984 1.
189 3924 226 3987 11
251 3925 338 3989 tanto
364 3921 455 3988 ML:
479 3925 559 3987 ratio
585 3924 664 4005 (1.6.
688 3923 795 3988 tatio
818 3924 899 4005 qood
921 3928 953 4007 o)
981 3924 1009 3992 0

86 4013 87 4016 ¹
136 4049 165 4093 v.
191 4028 228 4090 17
253 4031 399 4092 matres
423 4029 585 4092 teneras
610 4025 740 4093 MdB:
765 4029 888 4094 teneras
912 4031 1026 4095 matres
1049 4029 1107 4095 Lo

135 4150 163 4194 v.
190 4130 228 4194 17
251 4148 438 4214 peperere
464 4128 580 4195 Mdo:
603 4148 750 4213 paravere
772 4130 801 4195 L

134 4253 163 4298 1.
189 4232 229 4298 18
251 4236 361 4298 ueste
387 4229 502 4299 Moe:
527 4236 631 4298 uestra
653 4233 707 4317 (so.
733 4237 871 4319 corpora)
896 4234 925 4299 L

136 4357 165 4401 1.
192 4337 230 4400 19
253 4336 368 4420 positos
393 4333 481 4401 Mo:
505 4337 608 4418 posito
632 4336 676 4402 L:
699 4339 835 4422 positu
859 4360 879 4405 σ

135 4457 163 4503 1.
188 4439 227 4504 21
251 4440 402 4506 stridente
426 4438 558 4506 MOB:
582 4440 719 4506 11116116
741 4440 784 4507 L:
809 4443 961 4509 oriente
982 4465 1004 4509 σ
