2984 5040
567 383 693 448 -23
737 419 777 431 ..

107 632 110 637 ,
185 573 243 639 His
261 573 436 655 tamquam
464 571 714 648 additamentum
745 591 845 654 pauca
878 573 1029 655 quaedam
1063 570 1261 655 subiungam,

81 694 161 759 quae
183 674 244 741 etsi
266 675 396 740 minoris
417 675 568 740 momenti
590 676 663 740 sunt
686 677 725 740 ad
748 675 935 757 opusculum
947 676 987 740 de
1001 676 1090 746 med.
1107 675 1260 751 istamen

82 799 155 846 curn
189 779 229 845 ad
251 777 441 862 reliquorum
474 778 647 844 carminum
669 775 892 844 Ouidianorum
922 778 1027 844 crisim
1058 779 1261 846 factitandam

82 881 201 968 aliquid
223 882 343 964 possint
365 879 507 946 conferre
515 927 528 958 ,«
546 882 815 946 commemoranda
837 900 903 947 esse
925 881 1082 947 uidentur.

184 1014 232 1079 Ac
253 1013 390 1097 primum
413 1013 539 1096 quidem
561 1013 662 1078 dicam
678 1011 876 1076 doPolitiani
898 1011 1093 1094 quaa-'uulgo
1116 1011 1262 1077 dicuntur

82 1117 242 1201 excerptis,
265 1116 304 1181 de
327 1116 438 1200 quibus
467 1132 546 1199 quae
575 1114 736 1196 hucusque
765 1117 952 1180 enotucrunt
974 1133 1086 1181 manca
1110 1117 1185 1180 sunt
1206 1133 1287 1184 nec.

79 1220 157 1286 satis
189 1221 341 1285 accurata.

183 1342 336 1423 Excerpta
357 1340 455 1430 igitur
476 1338 625 1405 Politiani
647 1339 741 1422 uulgo
764 1338 931 1404 vocabatur
947 1337 1050 1404 Ouidii
1074 1325 1168 1405 editio
1182 1341 1263 1406 Par*

75 1445 196 1511 mensis
224 1463 251 1512 a.
277 1444 370 1523 last,
405 1463 498 1526 quam
528 1445 566 1509 Α.
589 1442 683 1508 Polit.
708 1441 925 1507 collationibus
948 1443 1142 1531 vetustorum
1170 1463 1263 1528 prae·

79 1549 295 1631 stantiumqne
327 1547 468 1637 codicum
501 1547 702 1636 exornaverat
737 1549 831 1628 atque
863 1547 1100 1627 emendaverat,
1138 1548 1263 1613 servata

79 1651 155 1717 olim
185 1652 219 1717 in
249 1651 439 1718 bibliotheca
468 1651 639 1716 conventus
670 1649 700 1715 S.
733 1649 834 1714 Marci
871 1647 1063 1730 Florentiae,
1102 1653 1155 1718 ubi
1192 1657 1261 1717 eant

79 1755 253 1838 complures
286 1754 347 1819 viri
380 1753 463 1820 docti
492 1755 706 1841 ¹adhibuerunt
740 1756 833 1836 atque
870 1755 1097 1836 excerpserunt.
1134 1754 1261 1841 Etenim

74 1876 162 1924 anno
194 1857 277 1923 1640
307 1855 378 1922 inde
401 1858 551 1922 nonnulla
573 1857 603 1924 J.
628 1859 679 1922 Fr.
705 1856 878 1922 Gronovius
906 1856 1118 1940 transscripsit
1147 1860 1180 1922 in
1202 1855 1261 1941 pu·

78 1962 207 2045 gillares
228 1958 366 2051 snos¹⁰)‚
389 1961 448 2044 'qui
476 1963 611 2025 nuncin
634 1959 709 2025 bibl.
734 1960 821 2042 regia
842 1960 1033 2025 Berolinensi
1057 1963 1260 2026 adservantur

82 2067 120 2148 (b.
144 2065 188 2131 D.
211 2083 283 2128 mss.
307 2066 454 2147 8.176),
478 2066 592 2148 paullo
616 2066 686 2147 post
713 2063 751 2128 N.
776 2063 925 2130 Heinsius
962 2065 1094 2129 eandem
1126 2065 1262 2130 excussit

74 2173 160 2235 teste
188 2170 339 2235 Merkelio
372 2169 430 2252 (ed.
460 2167 554 2233 Trist.
578 2189 607 2250 p.
630 2166 799 2249 XXXIII),
830 2172 1013 2251 postremus,
1037 2169 1118 2251 quod
1151 2169 1260 2252 sciam,

77 2291 149 2338 earn
172 2273 254 2339 vidit
277 2273 370 2354 atque
392 2271 535 2335 adhibuit
558 2271 708 2356 Baudini‚
731 2271 795 2353 'qui
830 2272 864 2335 in
892 2272 1084 2355 praefatione
1107 2277 1198 2337 tomi·
1215 2272 1261 2337 IV

80 2376 214 2460 catalog.
248 2377 333 2443 codd.
367 2377 423 2440 lat.
458 2374 534 2441 bibl.
566 2377 679 2442 Medic.
708 2375 801 2440 Laur.
830 2395 861 2457 p.
883 2376 1038 2442 XXXVII
1071 2397 1148 2461 sqq,
1181 2393 1259 2460 quae
1318 2407 1321 2415 ν

75 2480 197 2561 scripta
220 2482 266 2542 est
290 2480 340 2544 die
362 2480 414 2546 24.
438 2479 518 2546 Julii
542 2500 576 2544 a.
590 2481 681 2559 llll,
704 2480 804 2545 fusius
828 2499 896 2545 eam
920 2479 1090 2562 descripsit.
1118 2480 1261 2546 Occurrit

79 2581 243 2666 praeterea
271 2584 363 2648 huius
386 2583 531 2648 editionis
565 2585 683 2650 mentio
713 2585 745 2648 in
775 2585 967 2667 praefatione
989 2584 1134 2649 editionis
1156 2582 1262 2650 Ouidii

80 2687 296 2752 Barbarianae
335 2686 485 2770 (Parisiis,
507 2687 643 2769 Barbou)
684 2705 710 2752 a.
751 2688 851 2762 1762,
889 2687 942 2751 ubi
980 2686 1054 2749 haec
1091 2687 1258 2768 leguntur:

81 2842 115 2878 ῃ.
129 2842 137 2857 .
151 2789 398 2857 ,Tantummodo
428 2789 678 2854 inseruimus
713 2789 933 2871 castiqationes
963 2790 1125 2870 quantivis
1148 2784 1258 2876 pretini

78 2911 160 2975 quas
181 2891 269 2956 nobis
290 2892 529 2956 communicarit
556 2894 606 2956 rrir
635 2892 783 2958 harumce
815 2912 923 2956 rerum
956 2891 1261 2975 iutetiipentissimus

78 2997 220 3078 idemque
243 2994 491 3059 humanissimus
513 2994 556 3062 D.
581 2996 741 3061 Heerlcens
763 2995 1005 3079 Graniuqanus‚
1028 2996 1201 3084 descriptas
1223 3018 1262 3061 ea·
1364 3049 1366 3055 .

81 3098 193 3164 Ouidio
224 3100 385 3178 impresso,
422 3099 478 3178 qui
507 3098 573 3181 fuit
599 3099 717 3183 Anqcli
739 3097 898 3164 Politiani
920 3103 1160 3180 dissertatorque
1183 3097 1261 3162 Flo-

78 3204 200 3267 rentiae
227 3203 265 3265 iu
298 3201 479 3268 bibliotheca
503 3202 663 3282 Mattiaco,
694 3204 852 3284 quasilla
880 3201 1074 3292 ...eiusdem
1098 3201 1173 3265 iibri
1196 3203 1262 3266 oris

77 3326 118 3370 ecc
138 3308 366 3389 manuscriptis
389 3300 541 3372 codicibus
563 3307 744 3373 adiecerat“.
766 3308 801 3372 in
823 3309 871 3372 his
894 3308 975 3372 illud
991 3305 1137 3371 Medicea
1159 3314 1262 3372 errore

76 3409 232 3492 'scriptum
255 3429 320 3476 esse
343 3412 465 3476 videtur
488 3431 544 3494 pro
568 3411 760 3491 Marciana,
791 3430 862 3477 curn
892 3412 940 3475 vel
963 3410 1139 3493 quindecim
1172 3412 1260 3476 annis

77 3517 149 3598 post
171 3514 236 3598 ipse
258 3516 391 3580 Bandini
414 3516 517 3581 verbis
550 3516 674 3581 disertis
694 3517 785 3581 >banc
807 3516 957 3580 nominet.
1003 3517 1139 3582 ceterum
1174 3514 1261 3596 eqni·

78 3618 152 3682 dem
174 3618 277 3682 nescio
301 3618 376 3700 qnid
398 3618 464 3683 illis
486 3618 617 3698 faciam3
641 3638 739 3701 neque
761 3620 844 3684 enim
867 3619 899 3683 in
915 3619 1048 3684 editione
1064 3621 1262 3685 Barbariana

76 3900 241 3970 desyderari
254 3916 336 3970 posse
352 3901 511 3957 uideantur.
546 3901 583 3956 Id
599 3901 668 3955 adea
679 3901 816 3955 Andreae
833 3901 977 3971 Nauperio
994 3902 1098 3968 referre
1116 3906 1257 3969 acceptum

77 3986 218 4048 debemus:
238 3989 294 4056 qui,
312 4005 373 4043 eum
389 3988 467 4048 silum
485 4004 519 4042 em
536 3989 671 4044 ueteribus
684 3975 833 4056 permultas
851 3988 1049 4057 exemplaribus
1061 3987 1263 4058 timendissima

75 4073 252 4144 mdiqaseet:
277 4073 386 4129 laboree'
399 4090 464 4129 suas
481 4075 621 4143 impertiri
638 4074 763 4128 omnibus
786 4075 886 4142 coluit,
913 4091 946 4128 ac
969 4075 1037 4129 miii
1058 4073 1261 4142 imprimeudum

76 4157 162 4214 dedit.
198 4159 239 4212 De
257 4159 297 4215 ed.
316 4159 488 4229 Naugeriana
506 4161 540 4216 ci.
558 4160 590 4214 F.
609 4160 756 4226 Renouard‚
781 4160 800 4214 1.
818 4177 839 4215 o.
859 4163 924 4214 anni
944 4166 1009 4213 1515
1027 4161 1059 4214 n⁰
1075 4166 1092 4213 4
1110 4164 1138 4214 et
1155 4176 1178 4214 a.
1195 4166 1261 4214 1516

75 4245 109 4298 n⁰
127 4252 151 4313 1,
170 4251 200 4310 23
224 4246 256 4314 A.
273 4244 305 4302 Il.
324 4245 415 4311 Didot,
432 4246 449 4302 l
469 4262 490 4301 c.
508 4263 534 4314 p.
553 4250 604 4300 403
623 4262 682 4316 sqq.
733 4293 735 4297 ,

182 4347 273 4417 19)()1.
293 4349 401 4419 Sylloge
426 4349 535 4419 epistul,
558 4367 574 4404 a
600 4350 667 4408 uiris
689 4351 730 4406 ill
748 4352 841 4420 script.
865 4351 927 4405 coll.
946 4350 976 4403 P.
997 4350 1135 4403 Burmann
1159 4352 1180 4407 t.
1205 4349 1260 4407 111.

74 4453 103 4506 p.
124 4440 182 4490 121.
588 4468 590 4473 .
688 4480 690 4488 ,
898 4453 899 4456 ’
944 4469 946 4471 -
1135 4469 1138 4476 .
